3794 6128
156 305 224 366 sss·
873 297 1082 360 draconeto.
1738 304 1792 370 03⁸

156 446 217 485 mats
231 441 288 485 crat
306 434 331 494 ¹,
357 441 439 498 snper
461 442 534 483 arnm
556 426 664 498 placata
680 426 734 498 [dt.
762 423 869 496 placita]
894 432 981 493 propt
1032 425 1160 480 cxxvii.
1184 423 1311 480 liudulfus
1327 424 1378 480 dut
1396 425 1465 478 latins
1478 419 1623 490 Citamait,
1643 439 1722 495 qoem
1740 423 1792 479 lla·

156 522 288 594 tndrersis
300 520 451 576 saxonibus
466 521 581 575 drtnoot.
593 519 646 572 sed
660 534 750 587 pnrtrm
765 517 822 572 baec
836 518 950 585 prontis-
1001 515 1128 582 gobertus
1144 514 1298 584 Tlroringice
1312 517 1407 572 ducem
1423 516 1547 577 institnit,
1560 515 1680 572 obtribus
1690 515 1795 571 vicibus

156 615 196 667 sio
207 611 319 669 sortitor
332 611 467 677 effectum,
485 622 575 666 totnon
588 618 716 665 tributum
731 609 862 674 Saxones,
879 609 949 677 qnod
1000 621 1061 662 cunt
1087 609 1206 662 exercitu
1228 607 1399 663 winidorum
1423 608 1569 671 dimicans,
1585 621 1686 678 eosque
1706 599 1805 663 rictus

156 703 273 759 reddere
284 713 492 768 consueuerant,
505 702 684 772 pra-ceptione
699 700 839 769 bagobertl
852 699 950 754 babent
1001 698 1080 752 verrit
1095 699 1120 751 in
1147 700 1246 766 lugam.
1265 699 1348 771 liujus
1362 700 1481 754 victorie
1502 698 1628 768 snperbia
1643 699 1749 762 elatus,
1764 708 1800 754 et.

157 797 303 853 indultum.
326 795 493 866 Qoitrgentas
516 809 611 850 roccas
636 791 816 850 inferendales
835 790 849 830 b
872 792 949 846 antris
1000 796 1093 843 cnoro
1108 789 1286 859 ddalgisclum
1301 791 1397 846 ducem
1412 789 1526 846 dirersis
1539 790 1725 846 occasionibus
1738 793 1774 847 ini
1799 825 1801 832 ›

157 889 469 949 sintnttsacolomarlo
482 889 588 943 seniore
599 887 694 943 censiti
708 870 866 949 reddebant,
877 881 950 953 quod
1002 878 1117 937 micitlas
1137 881 1267 950 tendens,
1294 881 1420 949 paulatim
1438 893 1530 938 contra
1554 882 1716 955 sigibertum
1738 889 1793 955 jam
1813 875 1818 885 ’

157 994 172 1034 s
189 978 340 1049 {legoberto
355 987 488 1034 cassanum
504 986 557 1034 est.
808 977 810 980 ’
1002 987 1063 1033 tum
1077 986 1195 1044 creperet
1208 975 1352 1031 rebellare.
1369 974 1435 1045 sed,
1449 986 1477 1029 ιιι
1491 975 1590 1030 dictum
1604 986 1661 1042 est,
1677 978 1717 1033 sic
1730 992 1794 1040 aso·

193 1072 245 1127 An.
261 1087 380 1127 ocssxn.
392 1100 428 1114 -
438 1069 546 1126 cxxi.
559 1074 637 1126 llono
651 1070 681 1124 lt
697 1078 710 1108 e
724 1068 800 1139 regni
817 1065 951 1137 bagober·
1004 1072 1046 1125 bat
1060 1087 1068 1125 ι
1080 1070 1130 1137 Qui
1145 1070 1233 1140 diligit
1247 1070 1329 1136 rixas,
1346 1068 1490 1123 meditatur
1503 1068 1661 1125 discordias.

158 1162 195 1228 ti,
210 1177 272 1216 cum
286 1160 389 1217 winidi
410 1161 486 1230 jussu
502 1159 628 1217 samonis
644 1159 750 1215 fortiter
764 1160 910 1224 sevirent,
923 1165 950 1212 el
1039 1164 1088 1218 lin.
1110 1177 1227 1217 ocrtrr.
1246 1190 1281 1200 -
1302 1158 1443 1215 Lilxwll.
1462 1162 1541 1214 antro
1559 1161 1592 1215 il
1605 1161 1681 1229 regni
1704 1159 1794 1232 [rago-

158 1267 230 1323 saepe
254 1260 413 1308 transcenso
436 1264 531 1308 eorum
549 1248 634 1307 lindie
654 1265 765 1320 respuor
787 1247 951 1306 Francorum
1003 1256 1088 1319 berti,
1104 1271 1164 1311 cum
1180 1254 1325 1311 wascones
1345 1253 1449 1310 iortitcr
1463 1253 1634 1319 rebellarent,
1650 1262 1679 1310 et
1694 1255 1794 1309 mttltas

158 1342 329 1412 earundem,
344 1342 519 1415 Thuringiam
542 1353 570 1398 et
592 1341 711 1412 reliquos
726 1356 808 1411 pagos
823 1341 949 1412 ingrede·
1004 1348 1108 1417 praedas
1128 1349 1154 1403 in
1170 1363 1253 1406 resno
1266 1345 1349 1418 eds
1365 1346 1546 1413 Francorum,
1561 1347 1632 1417 quand
1646 1347 1793 1403 Citariber·

158 1432 446 1504 rentur,1iagobertns
461 1432 549 1489 liettls
563 1433 658 1489 urbem
675 1433 795 1494 sentiens.
810 1448 870 1489 cum
886 1448 951 1489 con·
1005 1448 1047 1492 tus
1060 1445 1194 1502 tenuerat,
1209 1437 1339 1503 lacerent,
1352 1437 1518 1505 ongooenus
1531 1437 1564 1490 de
1578 1437 1703 1493 universo
1714 1452 1797 1506 regno

157 1523 221 1577 silio
235 1521 392 1593 pontillcnm
417 1537 465 1579 seu
479 1533 508 1578 et
530 1537 690 1594 procerum,
704 1523 883 1592 omnibusque
899 1521 953 1592 prl—
1005 1530 1167 1600 Burgundio
1181 1530 1329 1585 etercitnm
1347 1543 1505 1596 promovere
1516 1525 1609 1598 lubet,
1623 1538 1744 1584 statamus
1757 1531 1798 1584 eis

157 1615 276 1671 orobos
290 1615 365 1685 regni
380 1614 421 1670 sui
431 1613 673 1679 consentientibus,
689 1611 851 1683 Sigibertum
869 1614 952 1668 lilium
1003 1631 1085 1691 caput
1104 1622 1261 1687 exemptus,
1277 1621 1387 1676 numine
1410 1619 1617 1689 emporitanus,
1642 1620 1798 1676 referende

159 1721 239 1763 suum
252 1707 279 1763 in
292 1707 514 1777 Austerisregem
528 1705 692 1770 sublimarit,
707 1705 852 1775 sedemque
865 1703 953 1759 lienis
1005 1726 1100 1778 ιιιιιῃ,
1124 1711 1169 1782 qni
1194 1711 1360 1780 temporibus
1384 1709 1544 1766 Theudorici
1566 1711 1700 1781 quondam
1726 1712 1798 1784 regit

157 1799 295 1855 ciritaoem
313 1797 414 1855 habere
439 1795 571 1866 permisit.
593 1793 788 1851 Glannibertum
805 1793 952 1851 leniorne
971 1800 994 1860 Β
1009 1803 1102 1857 nutritis
1117 1799 1217 1872 praeliis
1230 1801 1398 1870 probabatur
1411 1809 1536 1856 strenuus
1549 1816 1556 1864 ;
1568 1801 1612 1870 qut
1627 1816 1688 1856 curri
1702 1801 1798 1857 decem

160 1889 237 1945 utrm
250 1886 415 1959 certificem.
429 1893 457 1944 et
479 1885 660 1957 suatgtsetum
675 1886 770 1943 doceo
787 1884 912 1954 talutium
928 1895 955 1940 et
1005 1892 1372 1959 uocatuscunexenmtus,
1386 1892 1412 1947 n
1425 1899 1477 1961 ot,
1492 1891 1660 1949 ιιιιιιιιιιιι
1672 1889 1696 1960 r,
1708 1896 1799 1949 nnat·

161 1994 276 2053 regnum
292 1988 306 2016 ·
319 1977 521 2050 gubernandum
543 1977 670 2032 institnit.
692 1976 858 2032 Tbessurnm
880 1976 953 2046 quod
1006 1985 1117 2056 gastus,
1133 1983 1334 2053 landebertus,
1358 1976 1586 2050 wandalmarus,
1602 1982 1794 2053 waldericus.

160 2067 300 2125 subiceret
313 2067 367 2123 lilio
379 2066 501 2134 tradem,
512 2066 660 2136 condigne,
675 2075 705 2120 ut
718 2063 817 2133 decuit,
830 2078 892 2122 eom
907 2065 958 2120 bu·
1008 2075 1152 2140 ermenus,
1170 2074 1313 2141 Bsrontns,
1329 2072 1508 2129 chairaardus
1522 2083 1554 2130 es
1567 2087 1667 2144 genere
1679 2068 1798 2132 Franco»

158 2161 201 2229 jus
214 2158 335 2214 culmine
349 2156 516 2225 sublimarit,
530 2167 558 2213 et
582 2155 759 2226 quodeunque
771 2155 859 2210 eidem
874 2154 954 2226 largi·
1006 2179 1082 2231 mn,
1100 2165 1313 2221 ctrpamnetenus
1325 2176 1359 2220 ει
1380 2177 1479 2234 genere
1497 2163 1635 2232 Romano,
1651 2166 1799 2224 wigman,

161 2262 204 2305 rus
219 2250 321 2317 luerat,
347 2248 505 2320 singillatim
526 2247 752 2317 preceptionibus
776 2245 954 2301 roborandum
1006 2256 1134 2326 patricius
1147 2244 1182 2310 ὀι
1204 2270 1303 2327 genere
1318 2254 1557 2326 Burgundionum,
1573 2257 1676 2329 Aigyno
1702 2270 1736 2314 es
1753 2273 1799 2331 ge·

157 2342 290 2399 decrerit.
308 2340 440 2413 Deinceps
461 2341 593 2396 Aristrasii
614 2353 708 2397 corum
732 2339 822 2395 studio
843 2339 956 2395 limitem
1006 2363 1070 2404 nere
1084 2349 1231 2413 Saxonum,
1247 2348 1367 2417 empti,
1382 2346 1524 2404 comitibus
1538 2348 1672 2419 plurimrs,
1688 2351 1733 2420 quq
1748 2351 1799 2407 pus

157 2448 184 2489 et
200 2432 410 2506 regnumflhss
426 2433 589 2489 Francorum
602 2441 694 2488 contra
719 2427 842 2488 winidos
857 2431 957 2487 utiliter
1006 2456 1064 2496 cem
1087 2455 1169 2512 super
1191 2455 1222 2496 ιο
1246 2455 1299 2495 non
1322 2437 1457 2495 trabebant
1479 2437 1500 2505 ¹,
1528 2440 1555 2495 in
1570 2435 1713 2497 wasemes
1736 2457 1796 2498 cum

157 2527 320 2582 defensasse
335 2536 490 2581 noscuntur.
1006 2534 1125 2588 exercitu
1147 2530 1352 2609 perrexissent,
1368 2541 1396 2586 et
1416 2537 1470 2586 tota
1494 2526 1645 2595 wasconie
1665 2530 1750 2603 patria
1763 2533 1798 2588 ab

193 2619 248 2674 Αιι.
271 2629 400 2674 ocsxrtn.
417 2646 453 2658 —-
477 2616 594 2673 exalt.
611 2614 732 2687 Cumque
745 2632 816 2673 anno
830 2613 864 2672 is
886 2619 957 2690 regis
1006 2624 1125 2680 exercitu
1149 2622 1310 2696 Burgundio
1331 2621 1426 2679 luisset
1447 2624 1570 2694 repleta,
1595 2623 1745 2682 wascones
1766 2625 1800 2683 de

155 2709 301 2782 {tagoberti
316 2711 402 2766 eidem
417 2709 499 2775 lilius,
510 2709 619 2765 nominc
633 2705 814 2784 Cldodoreos,
829 2709 864 2766 de
878 2711 953 2767 Νιιιι·
1007 2717 1223 2773 intermontium
1239 2715 1352 2786 rupibus
1368 2716 1468 2788 egressi
1481 2717 1514 2772 ad
1528 2717 1628 2774 bellum
1644 2725 1799 2790 properant.

154 2798 276 2856 teelrilde
300 2801 391 2870 regina
413 2808 493 2854 nattrs
515 2798 627 2864 iuis-et,
651 2799 764 2854 corrsilio
782 2799 955 2856 Nenstrasio·
1006 2807 1127 2875 euinque
1141 2806 1255 2877 praeliari
1271 2803 1427 2875 caepissent,
1437 2815 1470 2864 nt
1481 2821 1574 2862 eorum
1589 2816 1800 2881 moresqterga
1839 2871 1845 2877 ,

152 2905 217 2945 roro
236 2889 259 2958 l,
275 2904 423 2959 eorumque
438 2889 633 2954 admonitione,
649 2904 699 2960 per
719 2890 850 2959 pactionis
863 2891 957 2947 rincu'-
1008 2900 1152 2959 uertentes,
1166 2894 1229 2949 dum
1241 2902 1425 2950 cerrrerenlse
1436 2909 1497 2952 esse
1507 2897 1684 2966 superandos,
1699 2897 1726 2953 ln
1741 2896 1801 2954 lau·

155 2983 215 3039 lum
229 2998 292 3039 cum
308 2983 441 3055 sigiberto
457 2983 511 3038 lilio
535 2997 586 3038 sno
601 2981 725 3038 brmasse
749 2981 907 3037 dinoscitur.
925 2985 957 3039 Et
1008 3000 1057 3041 ces
1072 2984 1191 3052 vallium,
1208 2994 1236 3040 et
1250 2994 1356 3042 montes
1369 2984 1515 3057 Pyrenaeos
1535 2987 1664 3042 latebram
1687 2987 1800 3057 dantes,

159 3076 361 3133 sustrasiorum
383 3091 479 3132 omnes
495 3076 623 3146 primates
643 3075 798 3145 pontilices,
812 3073 956 3146 cauerique
1007 3093 1037 3132 se
1058 3077 1124 3132 locis
1149 3077 1290 3133 tntioinds
1312 3086 1361 3146 per
1382 3090 1463 3146 rupes
1487 3076 1644 3134 eorumdem
1670 3080 1801 3135 montium

158 3167 252 3224 leudes
275 3167 417 3238 sigiberti,
441 3180 536 3221 ritanus
558 3181 649 3221 eornm
673 3150 803 3234 mustos
822 3164 952 3235 insuper,
968 3162 991 3224 C
1010 3170 1175 3225 collocantes
1191 3168 1340 3223 latitarunt.
1354 3164 1497 3225 Exercitus
1512 3172 1688 3238 postergum
1707 3176 1800 3228 cornui

160 3259 342 3313 sacramentis
358 3259 534 3313 lirmarerunt
547 3266 576 3311 ut
590 3255 743 3325 Neptrieum
755 3267 785 3311 et
804 3255 956 3328 Bergurrdia
1006 3276 1069 3315 cnm
1082 3260 1198 3316 ducibus
1212 3260 1369 3330 insequens,
1385 3259 1500 3330 plurimo
1510 3276 1623 3317 numero
1634 3264 1800 3332 captivorum

160 3348 278 3405 solidato
292 3346 387 3405 ordine
400 3348 432 3403 ad
448 3361 560 3418 regnum
575 3345 722 3402 Cldodnrei
738 3357 799 3415 post
814 3346 956 3417 dagoberti
1007 3351 1153 3407 wascones
1176 3359 1331 3421 superatos,
1350 3363 1398 3405 seu
1421 3358 1448 3406 ct
1467 3361 1504 3406 es
1530 3350 1571 3405 bis
1592 3364 1687 3422 tttagoa
1708 3354 1801 3410 urultie

160 3440 310 3497 discessum
326 3440 479 3509 aspicerent
493 3456 498 3492 τ
512 3441 611 3503 Auser
627 3452 708 3508 tero,
725 3437 848 3495 idemque
862 3438 956 3496 ordine
1008 3443 1099 3521 tudine
1113 3441 1284 3505 interlectos,
1305 3454 1400 3496 onmes
1423 3438 1519 3496 donnus
1539 3455 1632 3497 eorum
1655 3443 1801 3515 incarnat,

162 3533 297 3599 solidato,
318 3533 436 3602 eoquod
458 3543 485 3586 et
499 3531 534 3588 de
554 3531 653 3602 popolo
677 3539 705 3585 et
723 3529 758 3585 de
771 3531 858 3599 specio
878 3544 957 3586 terras
1007 3535 1118 3604 pecoliis
1141 3533 1213 3607 [dl.,
1231 3530 1368 3604 pessulis]
1393 3541 1421 3588 et
1445 3536 1526 3588 rebus
1544 3534 1706 3602 exspolient.
1727 3533 1801 3591 Tau·

124 3680 127 3685 ,
166 3636 407 3693 εεκιιοπιιιιιιιι,
423 3623 456 3678 ad
472 3636 582 3692 regnum
597 3620 724 3691 sigiberti
740 3619 864 3690 idemque
879 3621 957 3676 inin·
1007 3629 1068 3682 dem
1092 3626 1239 3682 wascones
1261 3623 1382 3692 oppressi
1405 3637 1452 3678 seu
1476 3624 1619 3693 perdomiti
1645 3627 1750 3682 reniam
1772 3637 1802 3684 et
1858 3694 1864 3704 ³

101 3716 105 3721 '
163 3717 290 3787 tegritate
304 3714 415 3779 deberet
428 3713 571 3784 aspicere;
587 3721 616 3770 et
637 3712 765 3784 quidquid
786 3715 820 3769 ad
844 3729 956 3785 regnum
1008 3730 1131 3788 proetus
1155 3712 1345 3784 superscriptis
1364 3713 1477 3769 ducibus
1491 3724 1623 3786 peterrtes,
1640 3717 1801 3787 promittunt

163 3807 366 3865 esstmiornm
383 3806 439 3877 ism
455 3807 520 3863 olim
543 3806 727 3876 pertinuerat,
743 3809 794 3862 boc
808 3806 958 3878 sigibertus
1008 3823 1038 3862 se
1052 3805 1145 3876 glorie
1159 3813 1187 3860 el
1204 3804 1361 3872 conspectui
1377 3802 1519 3873 [ingoberti
1535 3807 1607 3876 regis
1625 3813 1803 3877 presentatu-

163 3915 213 3956 res
224 3913 283 3955 κε
297 3899 391 3954 ditioni
403 3897 550 3969 gerendum
569 3897 712 3965 reciperet,
727 3905 755 3952 et
769 3909 899 3966 perpetuo
909 3898 958 3951 do·
1008 3912 1064 3965 ros,
1079 3907 1106 3952 et
1120 3910 1177 3951 suae
1191 3893 1284 3949 ditioni
1304 3895 1431 3961 traditos,
1446 3907 1541 3951 cuncta
1554 3896 1589 3951 ab
1602 3898 1697 3953 eodem
1711 3899 1802 3969 injun-

164 3988 320 4045 minodoro
331 3987 454 4054 baberet,
468 3997 579 4057 excepto
590 3985 687 4041 ducatu
702 3984 833 4043 bentelioi
845 3995 872 4051 s,
885 3987 956 4056 qnod
1009 3999 1052 4044 cta
1073 3988 1243 4054 impleturos.
1265 3985 1391 4041 Feliciter
1413 3985 1458 4042 bic
1475 3988 1610 4043 exercitus
1623 3988 1726 4060 absque
1748 3987 1800 4046 t'tlls

164 4078 204 4152 [is
216 4091 255 4137 est
267 4121 276 4150 ,
290 4077 348 4153 qui]
362 4077 399 4134 ab
409 4078 556 4135 Aoslmsiis
579 4074 836 4148 iniquiter'abtultns
850 4076 957 4146 iuerat,
1011 4075 1121 4132 lesione
1136 4074 1173 4146 ad
1184 4074 1299 4145 patriam
1315 4073 1417 4130 luerint
1432 4075 1565 4145 repedati,
1580 4077 1603 4131 si
1626 4078 1802 4135 arembertus

165 4174 263 4230 iterun
283 4172 319 4229 sd
340 4171 511 4229 liesstrssios
531 4170 750 4241 subjungeretur,
765 4179 793 4225 et
811 4167 958 4227 Cblodorei
1009 4166 1064 4222 dus
1075 4165 1192 4221 maxime
1203 4178 1265 4219 curn
1277 4162 1430 4219 senioribus
1440 4171 1468 4218 st
1477 4162 1653 4220 nobilioribus
1667 4169 1802 4223 exercitam

166 4266 289 4337 regimini
310 4265 499 4335 subjiceretur.
527 4262 580 4322 sed
601 4264 650 4319 bas
665 4262 802 4334 pactiones
827 4263 958 4318 dustrasii
1011 4257 1052 4314 soi
1068 4272 1117 4326 per
1130 4253 1319 4328 tregligentiam
1334 4267 1349 4307 a
1362 4250 1542 4310 wasconibus
1552 4254 1579 4310 ln
1597 4256 1664 4311 ualle
1675 4254 1798 4319 snbulsl

166 4365 271 4412 terrore
284 4353 427 4428 bagoberti
440 4354 528 4410 coacti
546 4352 647 4410 relleot
661 4351 766 4410 nollent
776 4355 896 4427 llrmasse
910 4355 959 4410 nisi
1011 4364 1066 4429 oon
1080 4347 1178 4405 luisset
1189 4346 1357 4424 interlectos.
1375 4344 1519 4401 Exercitus
1531 4360 1595 4403 sero
1614 4345 1801 4416 Francorum.

166 4459 239 4502 sunu
255 4444 332 4514 Quod
348 4456 440 4515 postea
466 4444 633 4513 tettnporibns
652 4443 780 4515 sigiburu
793 4453 822 4500 et
841 4443 959 4501 Cbiodo·
1011 4442 1056 4514 qni
1071 4441 1106 4498 de
1120 4439 1271 4510 Burgundio
1286 4439 1312 4495 in
1324 4437 1468 4494 wasconia
1482 4438 1565 4510 650
1578 4449 1740 4511 accesserat,
1752 4456 1803 4511 ps·

167 4539 208 4592 rai
223 4551 316 4608 regum
330 4546 519 4592 conservatum
535 4533 618 4591 [trisse
632 4544 750 4589 constat.
973 4530 1083 4591 Dtratr
1100 4532 1168 4606 [dt.,
1184 4529 1270 4603 parta]
1293 4531 1404 4585 uictoria
1420 4529 1490 4585 redit
1511 4530 1545 4585 ad
1567 4531 1685 4601 proprias
1707 4533 1800 4590 sedes.

204 4652 314 4708 ⁸iione
327 4666 428 4706 morem
444 4647 959 4718 otrrtrilruspnpolisSordentriooalibus
1013 4656 1077 4701 tone
1088 4644 1200 4698 luisses
1229 4644 1254 4696 td
1278 4640 1573 4698 Frarrcosinstitutsm.
1596 4642 1799 4719 selemiam.

168 4723 417 4778 lsoriliaremlutsse
427 4719 674 4790 obsersutCangius
687 4717 867 4784 inGlossario,
877 4734 959 4788 quent
1012 4730 1085 4779 ιιιιιι,Ι
1098 4713 1159 4778 alii,
1174 4715 1193 4766 Α
1214 4712 1352 4782 nqgsilom.

168 4794 287 4851 consule.
1049 4782 1059 4824 t
1081 4783 1191 4852 Aliquot
1204 4783 1265 4847 sd„
1279 4783 1478 4845 austrasiorum,
1490 4783 1561 4851 quod
1572 4783 1638 4839 lorte
1649 4798 1742 4838 eorum
1756 4801 1802 4846 ιιι·

203 4864 218 4904 δ
238 4863 285 4919 Sic
300 4862 450 4921 dimoimn,
464 4859 509 4914 lib.
523 4874 550 4913 tr
563 4873 622 4926 cap.
635 4858 689 4924 iiii,
706 4858 793 4913 «ticos
813 4857 895 4913 luisse
908 4857 956 4912 ad·
1011 4863 1102 4909 corros
1112 4854 1138 4908 in
1146 4854 1226 4909 codd.
1241 4853 1383 4908 inciderint
1393 4855 1439 4924 qni
1452 4853 1550 4909 babent
1565 4854 1702 4920 sennaser,
1717 4855 1802 4911 Ners-

170 4936 260 4996 restit,
275 4933 346 5002 qood
358 4932 436 4997 arqttie
451 4925 563 4992 sirreulis
578 4930 751 4985 inlerrentur.
1009 4926 1108 4979 strosii.
1350 4995 1355 5004 ·
1833 4946 1835 4951 ·

205 5015 217 5044 ⁸
237 5002 360 5058 Coiotins
382 5001 521 5068 legendnm
543 5001 585 5053 bic
604 5014 664 5055 esso
688 5009 779 5054 censet
797 5015 841 5052 on.
859 4998 909 5065 is,
930 5006 957 5052 et
1046 5005 1059 5042 e
1080 4992 1158 5055 Boin,
1172 4993 1264 5047 rioeoto
1280 4993 1428 5056 Dentrleno,
1442 4995 1489 5056 ol,
1508 4994 1651 5048 Durrst'lettt‘.
1790 5037 1794 5044 .

174 5089 234 5142 sap.
253 5088 311 5142 seq.
331 5087 375 5124 os.
394 5073 445 5137 is,
459 5069 507 5124 sed
531 5070 596 5124 nibil
613 5071 712 5139 absque
724 5060 825 5125 codicis
843 5069 957 5136 alicujus
1045 5063 1147 5120 ll(ilar.
1161 5066 1222 5118 ctrd.
1240 5065 1381 5122 lectionem
1397 5069 1480 5120 secuti
1496 5061 1670 5118 latiniacensis
1688 5080 1695 5115 ε
1711 5064 1802 5120 Alme-

174 5136 332 5202 sucteritate
347 5139 583 5196 iotmutarelieoit.
1008 5139 1107 5207 quoius,
1122 5133 1299 5191 floribertus..
1318 5135 1491 5195 Ermenrirss,
1508 5133 1645 5196 seruntur,
1663 5133 1801 5202 erloldus,

207 5213 221 5254 δ
242 5213 320 5268 colb.
335 5210 436 5277 etalii,
449 5209 631 5272 lisnesmsor,
646 5210 716 5279 quod
729 5209 839 5278 perinde
851 5216 902 5263 est.
1008 5223 1055 5260 seu
1071 5205 1242 5258 uariarum..
1260 5205 1430 5269 llomelsnss,
1445 5219 1493 5260 seu
1509 5204 1648 5256 llsnururt
1671 5201 1801 5262 littoral-

205 5294 219 5324 ·
238 5284 284 5339 sie
297 5283 435 5348 legendum
451 5295 513 5335 esse
531 5291 623 5335 monet
639 5279 757 5335 latoius
770 5295 803 5333 er
819 5279 878 5333 cod.
895 5278 956 5332 lila-
1008 5280 1067 5339 rus,
1082 5276 1200 5346 dqltqrro,
1214 5289 1261 5330 seu
1277 5276 1371 5344 Apina.
1557 5342 1562 5352 .

172 5367 252 5417 cnm„
266 5356 310 5408 cui
324 5351 455 5409 Cbrooics
471 5351 606 5406 &suetise
617 5362 645 5404 et
658 5350 743 5404 sacnti
758 5350 886 5419 benigni,
902 5353 958 5403 en·
1048 5357 1055 5386 ¹
1075 5348 1141 5399 ilinc
1156 5355 1247 5411 postea
1265 5346 1378 5425 littidum
1388 5359 1420 5399 es
1431 5342 1562 5411 eiusmodi
1575 5341 1719 5403 comitibus
1731 5345 1803 5404 iustu

172 5427 244 5479 inlus
260 5424 404 5480 setteuses
416 5436 478 5476 cunr
501 5421 531 5475 o.
547 5420 648 5489 sappini
664 5419 723 5473 liita
745 5431 772 5474 et
786 5420 877 5474 ceteri
891 5428 957 5475 ceo·
1010 5418 1090 5474 Perea
1111 5416 1230 5471 Francis
1244 5416 1331 5469 allecti
1346 5423 1419 5475 suot,
1433 5421 1500 5479 quot
1512 5414 1605 5468 duca.
1788 5446 1793 5454 -

172 5498 302 5556 wotisst,
315 5510 377 5549 cusu
392 5493 487 5547 sober.
502 5501 530 5547 et
544 5489 624 5546 Frelr.
639 5491 683 5561 qui
698 5490 778 5545 babet
791 5490 893 5552 decern,
908 5505 955 5557 ps-
1046 5488 1054 5538 l
1076 5485 1157 5541 Vallis
1168 5481 1264 5539 subola
1277 5498 1361 5553 pagus
1372 5492 1414 5536 cst
1427 5482 1461 5536 ad
1472 5482 1592 5552 Pyrenei
1608 5483 1714 5540 radices
1723 5485 1802 5553 rsus,

173 5565 450 5629 intumescerent
472 5561 573 5627 still,
595 5561 658 5616 licet
682 5561 779 5614 babent
798 5562 898 5630 palatii.
915 5561 956 5614 'dt
1008 5558 1133 5614 dimcesis
1146 5556 1249 5610 olims
1269 5553 1360 5608 nemis
1374 5551 1508 5622 (ddcqs),
1524 5568 1594 5608 truoc
1618 5569 1682 5610 nero
1711 5557 1803 5612 slero-

172 5635 274 5690 soma.
293 5644 321 5688 et
338 5632 385 5689 alii
408 5633 457 5687 sd.
471 5645 533 5687 cnm
555 5631 632 5686 cotto.
645 5646 653 5685 ι
666 5630 842 5696 ‚edolq'ulons
865 5635 955 5683 docem
1009 5626 1102 5684 nenos
1124 5571 1281 5698 (solercia.
1298 5622 1389 5704 Caput·
1406 5623 1486 5703 babet
1495 5623 1623 5692 oppidum
1643 5626 1802 5706 llalleonem

174 5704 427 5778 pelotiisdregrsot
459 5702 646 5766 surranum,
662 5710 715 5756 etc.
732 5688 808 5757 Unde
821 5703 901 5770 aliqui
914 5703 954 5752 in·
1007 5693 1532 5768 (suuluoisssonessunutrrtgatnm.
1549 5695 1806 5752 trottemuuscout

175 5783 260 5831 tolera
282 5789 377 5831 rotam
398 5721 578 5844 alfagoberto
597 5772 754 5844 digmtatetu
775 5772 850 5829 ducis
865 5770 955 5844 palatii
1007 5771 1105 5828 dit-itur
1116 5766 1191 5837 Sota,
1205 5777 1254 5822 seu
1269 5762 1361 5830 seule,
1374 5765 1453 5836 rulgo
1468 5767 1493 5820 lo
1512 5763 1601 5841 Sosis,
