3794 6128
791 192 1002 257 PRAEFA'HG.
1079 196 1082 201 '
1615 184 1619 189 ¹
1733 194 1773 259 82
1827 192 1832 199 ’

100 316 163 381 [ιω
182 322 215 379 et
236 318 673 395 aquaequeaquaeque
693 334 728 381 ac
743 318 1220 397 poaauxaattqaataolummoda
1233 322 1395 401 ῐιιςιιιιῑι
1407 329 1574 401 supersunt.
1587 322 1676 387 Hunc
1683 337 1770 400 perro
1869 358 1874 366 -

100 424 176 481 mus,
190 410 271 471 Beda
284 418 314 471 et
331 410 382 471 alii
402 411 522 487 passion
538 425 663 487 quorum
678 410 739 471 loca
751 410 784 471 in
798 411 875 471 notis
915 410 1156 469 commentarium
1171 410 1273 472 Romae
1287 414 1429 473 asserrmi
1451 412 1625 487 aliquandiu
1648 428 1770 487 persua-

100 498 201 575 ugorii
221 506 413 559 tantumodo
435 500 525 559 mmet
552 500 745 562 laudavimus.
773 502 829 563 Sed
846 508 875 561 et
915 512 982 557 sum
1005 497 1172 571 habuimus,
1192 502 1316 576 acceptis
1339 501 1446 561 exinde
1467 500 1570 561 litteris
1586 501 1618 561 in
1631 500 1770 562 Vaticana

100 588 166 651 iura
181 604 218 649 ea
240 589 278 647 de
290 605 322 649 rc
339 588 430 665 cupit,
449 591 533 650 adeat
555 590 705 659 Ferrandi.
726 590 874 652 Societatis
914 587 1087 649 bibliotheca
1101 593 1199 653 baberi
1222 594 1452 669 manuscriptum
1471 592 1597 653 codicem
1616 609 1654 651 ex
1668 607 1771 652 mona-

100 678 270 755 presbyteri,
286 678 583 753 librumsingularem
597 682 633 741 de
649 682 820 741 Sanctorum
833 700 875 743 re
915 678 1001 738 sterio
1026 680 1124 739 Fontis
1142 683 1285 751 avellani,
1300 684 1352 757 qui
1378 686 1510 741 Florentii
1536 682 1683 753 decapitat
1701 685 1770 741 dra·

100 782 127 839 s,
155 774 210 829 aut
235 777 312 829 certe
337 768 412 843 legat
438 769 470 827 V.
488 771 523 829 cl.
544 770 619 830 Lud.
636 774 704 831 dat.
722 773 874 833 biuratorii
914 772 1212 839 contumaciaeque
1236 776 1266 829 ia
1285 776 1406 845 psalmos
1427 772 1643 831 inscriberetur.
1667 772 1725 831 Sed
1739 787 1771 831 re

100 856 251 917 isitium
272 858 309 917 de
330 860 385 917 boc
396 864 568 933 argumento
583 868 660 920 tome
674 876 694 921 tt
711 864 873 923 dnocdote-
913 876 930 918 a
948 868 1045 919 nostre
1061 859 1258 936 Stephanum,
1270 861 1505 933 Gorrgregationis
1525 867 1630 919 nostrae
1643 860 1674 918 in
1687 860 1769 919 curia

102 948 157 1009 ubi
171 949 263 1007 etiam
280 952 409 1021 alcoram,
435 967 503 1027 quae
526 951 683 1026 Gregorius
699 953 822 1025 blagnus
836 956 871 1014 ad
913 945 1043 1005 Romana
1065 956 1249 1022 procuratore
1272 948 1412 1023 gotterali,
1432 948 1595 1007 accuratius
1618 946 1769 1021 inquisita,

100 1034 244 1097 lelindanr
272 1054 324 1113 per
346 1038 511 1099 iohannem
549 1044 718 1115 imitamina,
748 1045 875 1104 inuicem
916 1036 964 1095 hic
977 1038 1175 1111 deprehendit,
1190 1047 1218 1098 et
1233 1039 1351 1099 tilulum
1367 1039 1445 1097 laune
1457 1052 1546 1097 manu
1559 1036 1665 1095 recolui
1678 1036 1769 1095 inisse

100 1132 127 1193 t,
154 1126 222 1201 ipsa
245 1126 378 1202 Gregorii
414 1137 497 1190 aetate
535 1133 675 1205 scriptum
704 1135 734 1193 in
766 1152 874 1211 papyro
915 1126 1006 1185 codici
1027 1129 1196 1201 ascriptum,
1214 1137 1243 1188 et
1270 1130 1299 1187 in
1334 1129 1396 1202 ipse
1420 1128 1633 1188 Commentario
1662 1126 1769 1201 passim

102 1214 179 1285 ιιιο,
204 1224 237 1274 ιιι
260 1216 447 1277 babilonius
478 1226 576 1279 noster
611 1228 730 1282 testatur
758 1224 874 1284 itineris
914 1224 1044 1277 auctores
1069 1219 1193 1290 raucae,
1218 1220 1268 1293 eui
1286 1228 1383 1279 nostro
1409 1219 1546 1293 Gregorio
1572 1225 1656 1277 aare
1674 1224 1770 1293 poste·

113 1320 183 1379 pag.
205 1305 249 1364 tl.
914 1308 1006 1367 riores
1021 1308 1152 1379 lucrum,
1171 1310 1272 1385 quales
1286 1318 1354 1369 sunt
1368 1314 1465 1386 etymo
1487 1318 1515 1369 et
1534 1309 1696 1383 Remigius.
1716 1308 1771 1367 ile-

105 1392 211 1455 Unum
224 1396 352 1471 denique
376 1398 452 1457 circa
478 1397 609 1469 Gregorii
629 1400 719 1460 libros
732 1401 768 1459 de
783 1401 873 1461 Mira-
913 1398 1003 1473 nique
1016 1396 1134 1472 vulgus
1146 1400 1324 1473 psalmorum
1338 1399 1472 1458 srersiooe
1486 1398 1580 1457 utitur
1593 1396 1683 1471 hujus
1694 1410 1768 1455 cem

101 1486 419 1545 anctorumebserrari
430 1487 614 1563 eelim,qu0d
625 1490 872 1551 sciliceteasolum
912 1486 1046 1545 moniarii
1062 1495 1171 1561 auctor,
1183 1506 1271 1563 quam
1288 1488 1443 1565 Gregorius
1456 1490 1488 1547 in
1499 1486 1651 1547 laudandis
1661 1486 1768 1563 passim

101 1586 177 1629 rum
190 1572 333 1633 miracula
347 1575 486 1647 retulerit,
504 1594 571 1653 qum
582 1577 619 1637 ab
629 1578 695 1637 aliis
706 1579 872 1639 auctoribus
913 1575 1033 1651 psalmis
1055 1577 1193 1637 adbibere
1221 1595 1279 1639 non
1307 1579 1388 1638 solet.
1420 1578 1514 1637 Immo
1542 1578 1574 1637 in
1599 1576 1770 1652 Gregoriaui

101 1670 296 1723 tnonerant.
317 1664 397 1725 Unde
422 1667 531 1727 mirum
555 1676 680 1742 nonest,
698 1670 723 1729 si
740 1667 1129 1751 quando-BGommentarii,
1156 1684 1243 1742 quem
1262 1670 1347 1730 ιιοάο
1373 1669 1573 1740 laudabamus,
1599 1667 1769 1742 praelatione

101 1748 197 1809 bissis
220 1751 430 1813 celebrioribus
445 1763 612 1817 sanctorum
637 1759 735 1832 gestis,
751 1758 873 1819 obscura
914 1758 991 1819 tituli
1009 1759 1189 1835 psalmorum
1203 1762 1369 1822 referuntur
1383 1776 1484 1821 omnes
1494 1761 1581 1835 juxta
1592 1758 1669 1819 Lxx
1681 1758 1772 1817 inter·

101 1854 139 1899 ιιι
155 1840 236 1901 iacta
253 1854 468 1905 commemorat.
485 1846 561 1907 Hinc
580 1848 667 1908 ctiam
682 1856 768 1925 patet,
784 1866 872 1926 quam
914 1856 1026 1925 pratum
1041 1852 1215 1911 versionem.
1230 1853 1343 1913 Focum
1368 1853 1434 1911 iecit
1458 1851 1485 1911 ei
1500 1850 1552 1925 qui
1571 1849 1702 1925 Gregorii
1716 1862 1769 1908 uo·

101 1930 265 1991 eiecerint
279 1935 427 2008 nonnulli,
447 1938 499 2012 qui
523 1954 569 1997 res
583 1938 693 2015 aliquot
707 1947 873 2001 sanctorum
913 1955 980 1997 men
995 1939 1085 1999 eodici
1113 1939 1157 1998 iili
1181 1942 1315 2014 proiixit,
1329 1940 1508 2015 praelationis
1531 1938 1716 2012 Gregorianas
1736 1938 1769 1997 iu

117 2024 154 2085 in
181 2023 308 2085 dubium
331 2035 503 2087 resecarunt
528 2029 565 2089 eb
588 2030 618 2089 id
641 2030 747 2103 solum,
764 2032 873 2107 quoda
913 2028 1093 2103 psalmorum
1118 2027 1217 2088 titulos
1244 2029 1451 2103 fragmentum,
1472 2028 1550 2100 qued
1564 2027 1767 2089 commentarii

101 2112 149 2173 rio
173 2130 235 2174 non
261 2126 458 2177 memorentur
478 2139 485 2178 :
510 2136 588 2192 cum,
613 2128 645 2181 ut
659 2123 721 2196 ipse
743 2128 871 2195 testatur,
912 2123 1010 2176 auctor
1028 2117 1118 2175 simul
1138 2132 1205 2176 cum
1223 2117 1290 2177 aliis
1309 2118 1427 2177 Patrem
1445 2116 1667 2191 praeiationibus
1685 2114 1767 2191 operi

101 2206 172 2281 eius
195 2206 363 2267 institutum
385 2210 487 2269 luisset
500 2211 536 2270 de
548 2210 690 2286 ejusmodi
713 2213 872 2273 rebusdis-
912 2224 965 2267 suo
994 2209 1145 2284 praemisit.
1162 2209 1241 2279 Quod
1256 2210 1374 2284 quidem
1397 2211 1590 2281 fragmentum
1619 2225 1637 2269 a
1660 2210 1709 2284 pie
1737 2214 1767 2269 at

102 2342 109 2357 .
135 2296 225 2369 Quod
250 2316 318 2359 vero
341 2300 397 2359 tale
423 2302 510 2362 luerit
531 2304 595 2378 ejus
616 2303 784 2375 consilium,
809 2306 871 2379 ipso
912 2296 1025 2357 erudito
1042 2297 1106 2356 rire
1120 2297 1277 2358 Tbomasio
1290 2314 1327 2357 ex
1341 2298 1506 2372 ipsocodice
1519 2298 1694 2370 descriptum
1705 2300 1770 2371 post

101 2398 145 2449 ue
160 2390 306 2452 discimus
321 2410 357 2453 ex
371 2395 511 2469 proaemio
527 2397 591 2469 ejus
605 2396 732 2468 genappa
752 2398 787 2456 ap
802 2398 871 2457 jaros
912 2384 1002 2444 libros
1011 2384 1047 2443 de
1056 2391 1221 2444 sanctorum
1229 2385 1377 2445 liiraculis
1383 2386 1572 2460 proferemus,
1579 2383 1769 2445 cumduobus

115 2502 125 2537 ι
152 2480 276 2552 aliqua,
296 2483 402 2556 inquit,
422 2484 456 2539 aa
471 2492 626 2542 sanctarum
646 2491 796 2553 miraculis,
812 2504 873 2559 qua
911 2476 1111 2537 commentarii
1126 2476 1318 2547 inagnaentisa
1331 2475 1500 2536 liabitlonio
1513 2478 1608 2537 editis.

102 2586 136 2627 its
158 2574 311 2639 latitarunt,
326 2576 447 2647 pandere
465 2577 633 2648 desideraris,
649 2584 702 2636 etc.
715 2576 769 2637 Sed
780 2580 872 2652 tnagis
947 2566 992 2623 73·
1009 2566 1118 2624 [00000
1135 2574 1274 2637 00000000
1303 2566 1461 2639 0008000010
1484 2566 1559 2627 10000
1578 2580 1600 2627 11
1618 2566 1765 2641 Ηῑῦῑθῗῑῖθι

102 2660 162 2719 tin
183 2658 261 2719 libro
288 2662 324 2719 de
348 2661 446 2721 Gloria
468 2664 785 2739 1:00a›550rum,q110111
806 2682 869 2726 orn·
911 2654 1004 2728 capite
1024 2654 1069 2725 ui,
1089 2654 1267 2729 Apollinaris
1283 2654 1394 2715 Sidonii
1412 2654 1520 2716 librum
1536 2656 1573 2716 de
1594 2656 1700 2729 Missis,
1718 2658 1767 2719 cui

106 2747 257 2807 ultimum
272 2752 447 2823 recognovit,
458 2750 550 2825 capite
565 2752 600 2813 45
615 2772 624 2828 ².
638 2757 701 2811 licat
715 2756 776 2825 jara
797 2757 872 2813 diae
912 2743 973 2818 ipse
991 2744 1193 2817 0000000001
1216 2760 1247 2803 00
1271 2742 1497 2818 adjunxissem
1514 2764 1522 2815 ;
1542 2745 1591 2804 sed
1606 2745 1681 2805 illud
1695 2759 1768 2820 0000

103 2840 136 2895 t'rr
152 2840 269 2909 metopo
283 2840 348 2895 labri
366 2841 449 2911 bajus
468 2848 497 2898 at
517 2860 547 2897 ca
563 2848 668 2900 larrium
682 2845 869 2921 scriberemus,
911 2834 972 2893 ⁸0¹⁰
992 2836 1111 2895 nomine
1133 2842 1217 2895 unus
1242 2836 1327 2897 00008
1348 2844 1450 2897 nolum
1471 2845 1523 2897 081·
1540 2838 1626 2898 Tanti
1648 2842 1767 2898 11011000

102 2940 159 2985 Μ
180 2935 245 3001 post
267 2932 417 2989 obitum...
434 2937 544 3004 asperari
558 2935 690 3003 ‹liparatus
708 2941 767 2992 osi:
781 2943 870 2994 tamen
912 2924 1051 2983 momenti
1078 2926 1099 2985 Ρ
1101 2928 1177 2985 05000
1208 2935 1375 2987 0000ῑο0001
1412 2933 1521 3003 septem
1550 2926 1766 2987 &finientium

102 3022 141 3075 aa
153 3018 307 3073 ausuram
322 3022 395 3083 ιιιιι,
412 3026 437 3077 si
450 3024 483 3077 aa
497 3026 607 3079 saraam
622 3028 680 3080 aare
695 3016 1035 3122 aaaaeaaacfrstrum
1058 3016 1165 3090 Ephesi
1185 3019 1409 3093 quiescentium,
1422 3034 1510 3092 quan
1534 3034 1565 3077 sc
1582 3020 1613 3078 in
1638 3017 1764 3077 tatinum

102 3146 112 3173 ‚
126 3102 166 3159 de
179 3104 282 3175 partam
294 3107 371 3161 aratra
385 3111 619 3177 repausaturae
627 3114 790 3183 conscripta.
804 3111 868 3171 Non
912 3108 1092 3167 transtulisse
1112 3107 1179 3182 Syri
1197 3108 1349 3181 cujusdam
1365 3108 1529 3183 interpretis
1544 3124 1598 3183 ope
1611 3108 1716 3168 iutetm
1732 3106 1765 3167 in

102 3220 104 3227 ·
133 3192 252 3265 scripsit
273 3194 308 3251 de
340 3203 506 3255 secretorum
533 3198 630 3271 gestis,
657 3215 724 3273 quae
749 3200 869 3261 aliunde
909 3197 1001 3271 rapite
1014 3198 1049 3257 95
1062 3197 1129 3257 libri
1141 3198 1176 3257 de
1190 3198 1287 3257 Gloria
1300 3198 1516 3269 Geniessorum,
1532 3199 1582 3258 ubi
1597 3197 1764 3273 ejusepito·

102 3290 190 3353 aaut,
210 3290 261 3340 aut
283 3299 408 3356 quoram
425 3284 497 3345 Viae
523 3287 714 3349 habebantur.
734 3290 788 3351 Sed
806 3291 868 3367 jam
908 3288 1151 3347 monastertio
1170 3302 1238 3346 vero
1256 3302 1381 3361 usquam
1399 3292 1492 3345 exstet
1505 3288 1569 3346 haec
1586 3286 1649 3360 ipsa
1668 3284 1763 3344 versio

102 3384 126 3429 ιι
155 3370 192 3429 ad
227 3373 383 3433 secundam
408 3376 587 3450 praelationis
622 3385 730 3439 nostran
756 3389 867 3455 partem
907 3374 1075 3449 aGregorio
1088 3375 1235 3441 adornata,
1251 3376 1456 3435 incertumest.
1470 3375 1553 3435 Hanc
1573 3374 1653 3436 enim
1673 3389 1762 3449 quam

102 3459 233 3521 undum.
909 3461 1015 3524 Sarius
1031 3462 1129 3535 babet,
1146 3463 1353 3535 Gregorianam
1380 3477 1438 3521 non
1460 3478 1523 3523 csse
1536 3464 1583 3523 rel
1598 3479 1636 3523 ex
1656 3478 1691 3522 eo
1702 3462 1764 3523 solo

106 3582 147 3597 ..
162 3552 211 3611 ῃ,
234 3552 322 3613 Nulla
334 3554 427 3614 ferme
438 3562 481 3615 est
496 3556 525 3614 jn
539 3558 722 3618 contexendo
735 3558 866 3633 Gregorii
907 3552 1089 3627 conjicimus,
1105 3553 1182 3627 quod
1198 3552 1238 3612 ibi
1254 3552 1467 3611 Dormientium
1488 3552 1606 3611 nomina
1625 3549 1764 3625 pleraque

102 3658 130 3703 ιι
148 3643 279 3717 catalogo
302 3643 468 3717 difficultas,
483 3662 550 3705 cum
564 3662 598 3706 ea
614 3664 672 3707 non
688 3650 783 3709 solum
801 3666 865 3724 pas.
906 3641 964 3699 alia
977 3642 1036 3700 sint
1046 3642 1084 3699 ab
1098 3642 1143 3711 iis,
1158 3658 1226 3717 quae
1238 3641 1300 3715 ipse
1314 3641 1471 3713 Gregorius
1484 3642 1515 3700 in
1527 3640 1602 3700 libro
1615 3640 1652 3698 de
1665 3638 1765 3701 Gloria

102 3732 187 3793 esuis
206 3734 289 3791 libris
303 3735 489 3807 recensuerit,
502 3736 552 3794 sed
567 3743 596 3795 ot
607 3738 778 3812 singillatim
795 3754 866 3798 enu-
907 3731 1111 3791 Goniessorum
1136 3736 1273 3789 recenset.
1298 3729 1404 3787 Eadem
1419 3744 1489 3787 vero
1507 3730 1570 3803 ipsa
1582 3728 1701 3789 nomina
1715 3744 1763 3789 re·

103 3824 165 3883 aaa
188 3824 220 3882 m
245 3824 304 3883 ιιιι
327 3826 394 3885 tion
412 3827 518 3886 accunt
539 3828 676 3889 lusione
698 3830 863 3890 sanctae:
906 3825 1063 3898 prasinae
1084 3819 1254 3880 araneam
1277 3818 1489 3879 Dounieetiun
1515 3817 1646 3885 historia.
1673 3831 1763 3892 quam

103 3956 113 3977 .
140 3912 250 3987 inquit,
281 3917 365 3972 libros
391 3921 587 3985 ilistoriarum,
614 3927 716 3993 septem
742 3924 865 3978 ddiroca·
907 3911 1105 3972 innonnullis
1123 3910 1271 3971 codicibus
1285 3908 1489 3985 manuscriptis
1503 3907 1693 3979 invenimus;
1712 3904 1764 3967 sed

103 4022 209 4071 ‚mum
222 4008 256 4062 de
271 4010 345 4065 Vitta
358 4011 472 4066 Patrem
488 4014 598 4083 scripsi.
614 4016 645 4069 ιη
660 4016 792 4070 Psatterii
805 4018 865 4070 am.
906 4017 974 4062 cum
990 4000 1081 4061 multa
1101 3999 1200 4060 dubiae
1213 4000 1282 4058 ildei
1296 3998 1450 4068 coritineat,
1468 4013 1521 4057 nec
1542 4001 1653 4056 constet
1665 4011 1704 4055 an
1717 3995 1764 4071 ip·

103 4094 232 4151 alibrum
258 4113 341 4152 aarum
365 4106 560 4157 commentatus
580 4117 640 4157 aum
655 4122 664 4169 ς
680 4104 714 4159 de
741 4103 865 4159 cursibus
907 4093 969 4153 sius
982 4092 1113 4165 Gregorii
1127 4091 1203 4150 fetus
1219 4090 1276 4149 dici
1292 4091 1390 4164 possit,
1408 4103 1467 4146 non
1480 4087 1577 4147 visum
1595 4085 1765 4145 csteiinter

112 4184 316 4241 Emueiasticis
337 4204 420 4243 ιιηιιιη
439 4190 539 4246 tibrum
558 4191 678 4248 condidi.
698 4188 774 4261 Ouid
799 4206 865 4251 vere
906 4184 989 4245 illius
1014 4198 1101 4258 opera
1125 4182 1222 4241 locum
1248 4182 1326 4239 dare.
1353 4179 1395 4239 De
1418 4179 1543 4238 aliorum
1562 4184 1671 4253 septem
1686 4176 1760 4237 [ior-

103 4286 152 4332 um
164 4282 275 4347 septem
294 4274 503 4337 miraculorum
516 4282 635 4340 nomine
653 4281 804 4357 intelligat,
819 4283 864 4357 ip·
906 4275 1060 4335 mientium
1094 4272 1214 4333 historia
1243 4272 1375 4332 dicemus
1402 4269 1536 4329 iuferius.
1567 4269 1761 4329 Occurreruut

112 4362 146 4419 in
156 4361 276 4435 prologo
295 4363 362 4424 libri
386 4367 421 4424 de
440 4366 538 4428 Gloria
556 4369 759 4429 Goniesserum
774 4365 992 4450 expe-notiam
1024 4362 1109 4423 nobis
1132 4362 1244 4423 codices
1274 4360 1487 4434 manuscriptos
1513 4358 1762 4433 perscrutantibus

103 4456 133 4511 iu
155 4456 249 4527 primo
264 4456 355 4513 libello
371 4460 533 4517 insonamus
548 4463 645 4533 aliqua
670 4462 703 4517 de
724 4464 865 4520 miraculis
906 4455 985 4514 varia
1000 4452 1203 4528 opusculasub
1215 4452 1344 4527 Gregorii
1355 4451 1482 4522 nomine,
1496 4466 1564 4525 quae
1576 4466 1673 4513 rame,
1686 4452 1757 4514 uita,

104 4544 117 4595 ἰ
155 4560 190 4599 uc
222 4552 377 4603 suariorum
409 4552 602 4621 apostolorum,
645 4554 866 4624 reliquorumque
906 4550 1049 4612 transitus,
1064 4540 1527 4613 autmiraculoinscribuntur,de
1540 4538 1759 4597 nonnullissei·

103 4648 172 4703 aaa,
194 4650 255 4705 qaae
277 4637 406 4695 aaa-tanus
433 4642 582 4705 latuerunt,
611 4648 664 4701 etc.
690 4646 723 4701 ln
748 4644 865 4701 recaredo
906 4638 973 4697 licet
992 4638 1109 4709 sanctis,
1127 4637 1179 4710 qui
1197 4635 1273 4709 apud
1302 4632 1473 4709 Gregorium
1502 4629 1685 4691 laudantur:
1707 4628 1758 4689 sed

103 4740 149 4781 tus
162 4726 198 4783 de
211 4732 360 4787 uirtutibus
373 4736 580 4791 sonctiiuir'ani
590 4739 730 4805 martyris.
742 4738 866 4805 Qatoiuor
907 4744 974 4788 cum
991 4744 1025 4787 eat
1037 4727 1113 4787 nillil
1131 4726 1211 4786 aliud
1224 4724 1284 4784 sitii
1302 4740 1390 4799 quam
1410 4722 1556 4796 ipsissima
1570 4720 1702 4797 Gregorii
1716 4736 1764 4783 cu·

103 4814 204 4873 'idatios
231 4818 265 4871 de
286 4821 435 4877 uirtutibus
460 4826 550 4880 sancti
572 4827 699 4890 dicertiai,
720 4828 866 4897 septimum
907 4818 977 4894 pilu,
991 4818 1022 4879 in
1037 4818 1144 4893 quibus
1166 4817 1202 4876 de
1227 4813 1369 4889 ejusmodi
1381 4813 1489 4873 sanctis
1502 4812 1571 4887 agit,
1603 4828 1643 4873 ex
1666 4812 1760 4887 ipsius

104 4906 457 4979 mmsis-’liriacum
479 4926 541 4985 sou,
567 4921 599 4972 ut
615 4913 745 4990 plerique
759 4932 866 4975 mana·
907 4910 1043 4985 operibus
1069 4916 1212 4984 excerpta,
1238 4908 1274 4967 de
1293 4906 1330 4967 iis
1352 4905 1448 4967 fusius
1482 4904 1632 4982 inquirere
1655 4920 1757 4978 super·

104 4994 244 5055 ¹codicis
270 4999 388 5069 liabent,
405 5004 596 5060 deliciosorum
632 5007 713 5073 eita3
740 5013 865 5064 ociorum
905 5000 999 5061 lluum
1013 5002 1125 5062 luisset.

104 5084 241 5141 aritinus
251 5088 286 5145 de
297 5092 442 5149 iliacuiis
456 5093 654 5161 consessorum.
670 5092 710 5154 lle
724 5094 771 5155 bis
782 5096 865 5155 tibris
944 5092 1148 5155 recautum
1168 5096 1272 5167 praeter
1289 5087 1378 5149 libros
1397 5103 1415 5148 a
1432 5086 1518 5147 nobis
1532 5102 1620 5162 supra
1639 5086 1762 5149 moenai·

104 5174 269 5237 difficultas.
285 5178 377 5250 Quem
391 5182 472 5241 enim
485 5185 612 5245 meando
627 5186 688 5246 loco
708 5187 798 5247 aiam
814 5192 864 5247 lic-
904 5196 959 5261 tos,
972 5186 1107 5263 plerique
1131 5184 1295 5259 complures
1321 5180 1434 5241 libellos
1456 5179 1618 5255 singulares
1641 5180 1678 5242 de
1700 5180 1761 5241 vila

104 5284 166 5325 aaa
194 5284 249 5329 seu
274 5276 465 5333 feliciosorum
492 5277 627 5351 appellat,
642 5279 668 5338 is
692 5286 734 5337 est
760 5280 863 5354 quiin
904 5278 1016 5353 aliquot
1039 5278 1203 5335 sanctorum
1225 5271 1300 5330 inter
1321 5268 1453 5343 Gregorii
1472 5275 1758 5344 operaeoumeraut,

104 5354 137 5417 iar
154 5356 216 5417 tine
229 5358 338 5421 dicitur
353 5359 469 5423 liberde
485 5363 694 5426 l'ttisl’atrum.
710 5366 748 5425 lli
764 5383 864 5429 omnes
904 5381 979 5443 quos
1007 5362 1038 5423 in
1065 5362 1154 5422 uariis
1174 5360 1309 5421 Historias
1325 5358 1471 5418 Francicus
1488 5366 1538 5417 aut
1552 5357 1759 5421 biiaaculerum

106 5452 118 5505 t
132 5454 243 5517 prater
256 5448 367 5510 tibrum
384 5450 569 5514 decursibus
587 5454 797 5528 ecclesiasticis,
812 5455 864 5531 qui
906 5456 988 5517 libris
999 5452 1061 5531 ipse
1071 5452 1228 5527 Gregorius
1237 5449 1347 5512 laudat.
1358 5446 1442 5507 Tales
1454 5452 1523 5505 sunt
1537 5448 1606 5504 aba
1618 5448 1653 5505 de
1668 5452 1759 5507 abacti

104 5534 251 5597 uinaria
259 5556 268 5611 ;
284 5544 313 5599 et
328 5543 571 5606 commentarium
583 5544 616 5605 iu
631 5544 864 5624 psalmumque
903 5546 994 5607 ltttdit
1008 5547 1076 5611 vito,
1093 5556 1183 5619 quem
1197 5538 1297 5602 laudat
1318 5536 1416 5597 librot
1435 5534 1581 5611 Historia,
1595 5536 1688 5615 capite
1699 5538 1736 5603 tu
1751 5555 1761 5611 ς
