3794 6128
209 384 314 393 ...m-0.
354 382 439 390 0—--n
836 377 1025 389 W
1258 378 1324 389 <W

149 414 497 427 mom-on*
505 414 526 421 -·
555 414 606 422 --—

286 571 757 742 uuisioni
822 537 1586 805 nuncupatam.
1763 594 1769 717 ;

261 1063 659 1174 tustntsstuo
696 1023 1306 1170 ttOtttttOD.nct11LL1
1344 1078 1418 1166 ou
1454 1077 1694 1166 uiuent

528 1301 708 1380 suppono·
733 1298 954 1381 'autumnum'
980 1305 1153 1382 sciurus·
1178 1280 1354 1379 intuerit.

162 1522 203 1585 Si
224 1522 295 1600 quis
313 1527 356 1581 est
373 1517 495 1597 supetis
510 1533 614 1580 rerum
630 1517 835 1579 ltumanarusn
851 1513 970 1584 sensui,
983 1514 1012 1575 ei
1025 1531 1086 1592 qua
1103 1530 1153 1572 eos
1166 1514 1371 1591 propriorum
1394 1521 1521 1591 operum
1543 1529 1622 1574 cura
1647 1513 1761 1592 tanqit,
1802 1544 1807 1548 ·

117 1639 188 1681 nan
204 1621 328 1694 dubito,
351 1618 565 1682 illustrissime
588 1627 715 1678 senatus
733 1615 882 1692 Princeps
893 1659 902 1688 ,
915 1614 993 1693 quin
1011 1612 1146 1691 ineiqnis
1168 1611 1306 1690 lenqieii
1321 1609 1389 1672 loeo
1404 1611 1569 1673 lsalsitnrns
1588 1612 1628 1673 sit
1644 1613 1763 1689 tireqa-

119 1719 193 1780 rius
207 1725 324 1790 noster,
340 1715 425 1796 quod
435 1732 547 1778 nonam
561 1732 689 1795 operam
701 1713 829 1774 suorum
842 1711 1009 1775 editionem
1018 1711 1237 1792 spectatissimi
1247 1709 1382 1772 nominis
1394 1712 1443 1772 tui
1452 1710 1602 1791 auspiciis
1617 1710 1649 1772 iu
1664 1710 1763 1772 lucem

121 1815 257 1896 prodire
267 1815 415 1895 patioris.
430 1812 561 1892 Opino-il
576 1812 632 1876 itte
643 1814 676 1874 in
690 1811 816 1891 primis,
829 1809 904 1874 ditm
921 1813 1049 1886 sineret,
1065 1813 1183 1893 scripta
1200 1822 1235 1875 stt
1250 1813 1308 1875 stsei
1329 1814 1452 1892 inthra
1471 1822 1499 1873 et
1516 1811 1671 1874 inuiolata
1690 1829 1764 1890 per-

123 1916 270 1976 tenirent
299 1914 339 1975 od
354 1920 508 1992 posteros,
525 1905 699 1973 illectatits
711 1907 885 1973 sacerdotes
899 1912 1038 1991 Domini,
1055 1913 1109 1992 qui
1124 1923 1196 1990 post
1210 1913 1308 1992 ipsum
1332 1912 1520 1973 turonicam
1533 1913 1652 1972 recturi
1666 1918 1765 1972 essent

124 2010 319 2088 Ecclesiam,
336 2009 373 2071 tsi
396 2009 434 2070 ile
449 2007 506 2071 nes
522 2007 622 2072 lilt'tii
634 2006 754 2070 idoleri
766 2008 918 2081 sinerent,
932 2014 993 2071 siess
1006 2002 1182 2073 ditetididta.
1198 1996 1380 2087 'quibusdam
1393 2026 1453 2086 pro
1469 2027 1524 2069 suo
1537 2007 1671 2070 ailit'rio
1684 2016 1765 2087 pta-

126 2111 295 2180 ternensis,
306 2098 454 2178 resciiieii
467 2108 520 2170 sid
535 2100 592 2180 tio,
607 2117 641 2169 ut
655 2105 694 2168 al
708 2112 838 2169 auclore
850 2107 919 2187 ipso
933 2106 1045 2171 relicta
1059 2110 1168 2180 essent,
1184 2103 1317 2171 inlibata
1330 2111 1456 2188 ‘sitisque
1468 2111 1603 2171 numeris
1625 2127 1661 2169 oe
1685 2124 1764 2188 por-

127 2208 213 2271 tsius
226 2207 370 2271 absoluta
386 2207 514 2270 seniori
528 2205 687 2270 iurarent.
704 2201 862 2283 Quantam
875 2205 975 2286 iqitur
987 2205 1079 2269 inodo
1093 2206 1227 2285 qratiam
1243 2200 1408 2270 latiturus
1422 2209 1449 2269 ei
1461 2209 1514 2280 sit,
1530 2208 1587 2288 qui
1600 2209 1678 2269 itanc
1700 2210 1785 2289 ejas.

127 2307 221 2371 libris
234 2310 445 2388 inteqritotem
458 2300 587 2380 assercit',
604 2302 753 2368 asse'rlam
770 2301 958 2368 auctoritate
972 2315 1029 2368 sua
1044 2298 1181 2383 tueatur,
1195 2314 1250 2369 out
1267 2304 1399 2387 ‘lenique
1410 2307 1448 2368 al
1462 2308 1642 2387 iniquarum
1662 2305 1783 2394 ioasi-j

127 2420 204 2468 nusn
220 2423 350 2468 censura
367 2406 526 2493 eindicetl
550 2405 706 2468 tractate
729 2405 832 2486 itaque
858 2408 929 2470 aum
949 2400 1104 2485 G'reqorio
1119 2402 1200 2485 aq'it',
1215 2407 1270 2486 qui
1283 2397 1529 2470 illustrissimum
1551 2423 1660 2468 nomen
1679 2411 1766 2470 tuum

127 2515 217 2567 noea
229 2503 304 2567 huie
317 2505 383 2584 eius
398 2507 524 2585 operum
538 2503 751 2582 reeoqnitiorii
762 2505 887 2584 prapqi
895 2512 960 2566 non
976 2506 1130 2583 qra'ocris.
1147 2501 1255 2586 Neque
1265 2503 1346 2568 enisis
1360 2507 1432 2583 erit,
1447 2514 1483 2569 ut
1498 2516 1589 2587 puto,
1605 2512 1768 2589 quitquam

130 2614 195 2670 tesn
210 2605 319 2667 ousiae
330 2599 385 2666 aut
402 2602 597 2677 temerarius,
619 2602 675 2683 qisi
688 2595 895 2683 liriqorianis
907 2603 1038 2682 scriptis
1048 2604 1097 2665 eei
1111 2603 1270 2666 tantillam
1286 2603 1401 2685 inferre
1417 2604 1501 2667 ausit
1520 2605 1682 2686 injuriam,
1699 2611 1768 2669 cum

131 2725 166 2770 so
181 2705 406 2785 sapientissimi
422 2711 451 2764 et
475 2702 643 2781 aequissimi
668 2699 784 2763 tiatira·
799 2692 926 2781 judicio
949 2700 1291 2783 comprobatissimi.

172 2831 223 2890 Tu
241 2846 325 2899 aero,
341 2828 391 2891 eir
404 2832 672 2910 praestantissime,
685 2844 749 2894 rem
766 2840 820 2893 tuo
838 2828 963 2893 nomine
979 2826 1083 2913 (liceat
1097 2828 1176 2894 milti
1195 2826 1255 2892 liae
1278 2828 1391 2911 dicere)
1418 2824 1532 2912 litaque
1556 2814 1711 2910 di'qsiitate
1733 2828 1776 2895 al·

131 2927 289 3006 qrasitote
302 2922 388 2989 taut
400 2926 564 3008 indiqnam
577 2915 670 3011 lacis,
688 2933 756 2992 cunt
772 2929 1028 3020 tuumlireqoria
1053 2930 1164 2992 nostro·
1179 2929 1364 3010 pidsidium
1384 2925 1567 3015 imperitiis.
1592 2928 1669 2994 Csieis
1691 2931 1771 2994 e'nim

131 3020 316 3102 reliqionem
327 3025 448 3087 sineere
459 3044 553 3103 ames,
567 3036 594 3089 et
610 3030 711 3109 qentis
726 3038 841 3089 nostra
852 3026 1029 3101 historiam,
1044 3027 1205 3107 sotiosque
1214 3029 1313 3090 motii
1324 3034 1392 3110 p'ra
1401 3026 1501 3093 otalii
1511 3030 1627 3111 ie'mptt'
1638 3027 1748 3092 iaicas
1761 3050 1772 3100 ,-

131 3139 198 3183 non
223 3133 313 3203 potes
335 3142 402 3186 eum
415 3143 478 3186 non
490 3125 627 3205 probare
642 3135 815 3201 auctorem,
829 3143 916 3206 quem
934 3124 1100 3187 Frontina
1120 3125 1262 3188 ltistorioc
1277 3136 1437 3205 parentem
1450 3131 1630 3206 suspiciunt
1643 3134 1747 3190 omnes
1763 3155 1772 3191 :

130 3239 150 3282 o
166 3239 231 3300 quo
248 3222 410 3301 reliqionis
424 3223 612 3287 Citristionoe
626 3227 659 3288 in
674 3226 787 3289 (iuliis
801 3223 934 3287 saerata
951 3231 980 3285 et
990 3240 1203 3305 praqressum,
1216 3217 1351 3306 adeoque
1371 3228 1546 3307 primorum
1573 3244 1680 3306 requm
1696 3244 1772 3289 nos-

131 3329 262 3384 trarum
274 3331 359 3402 qesta
374 3325 558 3406 occepimus.
569 3327 674 3406 Neque
690 3345 763 3390 eera
777 3329 806 3393 si
819 3328 884 3401 ille,
893 3328 963 3408 jam
973 3344 1071 3408 supro
1085 3327 1264 3390 mortalium
1277 3339 1391 3389 sortem
1396 3329 1533 3409 positus,
1546 3329 1668 3409 scripta
1679 3330 1772 3391 morio

132 3440 191 3484 sua
208 3439 323 3501 porum
339 3432 446 3498 curat,
464 3425 553 3487 noltis
566 3444 686 3501 eorsum,
703 3445 770 3507 qua
785 3429 811 3488 is
825 3427 860 3488 in
872 3443 949 3487 usus
962 3420 1091 3487 'nostros
1104 3425 1210 3487 otoens
1223 3424 1332 3497 edidit,
1346 3443 1453 3488 curam
1465 3425 1598 3507 objicere
1612 3428 1697 3489 licet.
1713 3429 1773 3488 ia-

134 3527 226 3591 iesest
246 3524 363 3604 quippe
376 3525 423 3586 rei
441 3525 575 3605 publica
590 3527 751 3592 erantne
765 3531 802 3591 ae
818 3527 1017 3600 Christiana,
1033 3544 1069 3587 ea
1090 3541 1155 3587 non
1170 3525 1261 3588 modo
1279 3525 1317 3587 ab
1331 3527 1465 3589 interitu
1479 3526 1654 3607 clndicare,
1668 3544 1774 3590 cernon

132 3629 227 3687 ttiam
246 3641 350 3685 eoru-»n
366 3628 588 3690 auctoritatem
599 3632 842 3691 sartam-tectam
860 3629 942 3692 tueri
954 3627 1102 3692 aduersus
1118 3648 1180 3708 eos,
1192 3629 1249 3710 qui
1262 3628 1311 3692 oel
1323 3629 1465 3691 auctoris
1481 3629 1570 3710 fidem
1585 3632 1720 3705 elocant,
1735 3628 1774 3691 oi

135 3726 277 3800 nimiam,
290 3736 326 3787 sst
341 3727 419 3806 ipsis
434 3726 558 3806 quidem
575 3728 712 3802 uidetur,
738 3728 873 3793 hominis
897 3728 1130 3807 simplicitatem
1152 3746 1189 3790 ae
1210 3726 1443 3796 credulitatems
1468 3727 1517 3789 oel
1541 3728 1687 3807 qenuinis
1708 3731 1775 3807 ejas

135 3823 285 3906 operibus
300 3841 366 3886 nen
378 3827 537 3889 minimam
552 3827 722 3890 detrahunt
733 3837 866 3907 portem,
877 3826 967 3906 quasi
976 3825 1014 3888 oi
1029 3824 1312 3906 interpolatorilue
1323 3829 1430 3886 temere
1448 3833 1597 3886 assutam.
1616 3825 1685 3905 liqo
1702 3838 1775 3887 otro

133 3931 305 4001 utrumque
319 3923 471 4004 iireqorio
483 3935 633 4005 proestare
646 3943 715 3988 sum
731 3935 875 3997 conatus,
891 3925 944 3989 eui
954 3923 1174 4015 quidemseeta
1188 3924 1223 3987 si
1232 3922 1393 3987 sententia
1409 3924 1470 3985 tica
1483 3923 1625 4001 qracitos
1639 3941 1777 3986 accesse-

135 4028 194 4102 rit,
206 4043 256 4087 na
272 4042 327 4105 eqo
341 4025 425 4088 nond
438 4025 502 4087 leue
517 4034 669 4108 suscepta
680 4030 780 4108 opere
799 4024 938 4107 preliism‘
951 4023 1095 4087 ritutisse
1109 4023 1185 4088 milii
1199 4024 1342 4103 ridelis,
1357 4031 1448 4106 atque
1461 4023 1619 4087 universis
1638 4036 1705 4086 eam
1720 4040 1777 4103 ap·

136 4130 296 4210 protana.
315 4131 367 4192 Eo
381 4139 426 4191 est
442 4130 523 4192 enirn
540 4132 832 4212 cenomannense
844 4130 986 4209 sequitat,
1003 4145 1039 4189 so
1052 4124 1185 4206 denique
1207 4127 1381 4190 auctoritas
1401 4127 1487 4208 opud
1503 4143 1619 4201 omnes,
1634 4133 1671 4188 ut
1687 4125 1778 4208 jutt-

137 4234 219 4296 ciuns
234 4244 325 4295 tuum
336 4234 437 4296 instar
452 4233 591 4297 omnium
607 4232 663 4308 sit,
679 4233 735 4294 nee
751 4230 927 4310 quisquam,
941 4226 997 4308 qui
1009 4226 1064 4289 ais
1082 4234 1111 4289 te
1126 4226 1321 4302 dissenserit,
1344 4230 1427 4290 recle
1443 4230 1549 4307 sapere
1562 4234 1737 4290 censeatur.

177 4350 316 4413 Felicem
331 4351 437 4429 itaque
454 4349 590 4412 treenta
605 4349 791 4427 Greqoriusn
805 4350 961 4422 nostium,
982 4346 1039 4428 qsii
1051 4345 1143 4409 talem
1154 4348 1326 4426 patronum
1342 4363 1378 4408 ae
1391 4347 1548 4414 uindicem
1563 4353 1698 4415 sortitus
1720 4353 1749 4414 si
1755 4361 1779 4429 t,

138 4451 307 4523 sincerum,
322 4449 502 4527 sapientem,
517 4448 751 4525 incorruptum,
773 4446 856 4522 reqis
870 4447 1001 4509 mantnt
1014 4463 1051 4506 oc
1065 4445 1288 4523 sapientissimi
1295 4441 1420 4521 judicio
1434 4446 1578 4526 diqns'sm,
1592 4451 1660 4529 qui,
1685 4463 1781 4530 post.

141 4561 232 4621 qnam
248 4543 397 4605 catliolici
411 4544 568 4620 reqiorum
584 4562 749 4606 causarum
766 4544 944 4625 ,eoqnitorss
962 4542 1067 4623 amois
1084 4544 1282 4622 tnteqerrime
1297 4544 1425 4617 {unctus
1453 4555 1541 4617 esset,
1551 4562 1620 4622 qam
1641 4563 1778 4608 summus

142 4643 259 4708 sebiter
274 4646 310 4708 de
326 4648 478 4708 uniuersis
487 4647 646 4728 judicium
658 4651 740 4729 [erat
749 4670 760 4719 ,·
775 4650 889 4722 oirssm,
904 4647 1044 4726 inquom,
1060 4647 1115 4724 qui
1130 4645 1212 4706 nihil
1225 4645 1344 4723 exsero
1358 4646 1490 4706 insuam
1505 4645 1630 4708 domum
1648 4646 1778 4725 derivet,

123 4762 313 4825 ,pauperum
327 4747 391 4824 ipse
401 4763 514 4824 parens
528 4756 557 4807 et
569 4748 735 4826 provisor,-
746 4749 801 4827 qisi
808 4747 895 4829 juris
904 4764 941 4808 ac
953 4747 1053 4826 than
1063 4743 1285 4823 coqnitionem,
1301 4759 1367 4803 non
1379 4745 1617 4806 ostentationem
1628 4746 1777 4819 scicntia.

140 4845 193 4906 ssd
209 4844 304 4924 leqem
319 4847 389 4907 oitoe
406 4854 584 4925 cumpater,-
598 4847 654 4926 qui
668 4847 786 4908 ceteris
794 4845 958 4925 judicibus
968 4833 1033 4907 non
1045 4847 1148 4916 minus
1161 4844 1235 4907 bene
1247 4841 1385 4916 dicendi,
1402 4861 1494 4924 quom
1511 4844 1635 4906 oioendi
1647 4846 1778 4924 [emmam
1815 4879 1821 4899 .

143 4945 281 5025 exemplo
295 4965 350 5009 suo
366 4957 584 5009 commonstret
595 4971 604 5017 ,·
617 4948 672 5028 qui
684 4948 813 5028 deniqui
827 4948 861 5009 in
873 4964 977 5010 seuno
992 4945 1149 5023 Horlaoi,
1163 4944 1357 5022 Brulnrtios,
1371 4944 1534 5008 Tluoneos
1548 4965 1583 5009 oc
1593 4946 1779 5022 Belleereos,
1815 4935 1817 4938 ’

143 5047 282 5127 eliasque
294 5048 461 5127 sanquinis
473 5048 524 5108 sui
540 5046 649 5109 nereos
660 5049 789 5126 reserat,-
803 5054 945 5126 totosque
960 5045 1075 5127 qrandi
1091 5053 1119 5105 st
1134 5044 1255 5107 excelso
1269 5045 1375 5108 animo
1391 5047 1627 5125 complectatur,

182 5167 256 5227 Tali
269 5167 451 5245 patrocinio
464 5168 604 5229 munitus
616 5164 801 5257 (ismarius,
816 5168 965 5246 despiciet
980 5166 1118 5258 nomines
1134 5168 1305 5232 nonnullos
1325 5168 1451 5247 {osiidii
1475 5169 1552 5230 odeo
1576 5169 1714 5245 delicati,
1742 5181 1779 5234 ut

142 5268 207 5342 ejus
223 5265 384 5328 lectionem
401 5267 488 5346 infra
501 5285 535 5327 se
550 5265 679 5339 ducant,
694 5285 820 5350 eumque
844 5275 992 5350 tanquam
1005 5280 1099 5347 qustu
1121 5289 1179 5331 suo
1205 5267 1367 5350 indiqnum
1390 5271 1518 5350 penitus
1540 5280 1702 5350 respuant.
1732 5275 1778 5337 ile

142 5379 239 5435 porro
254 5367 371 5426 rectius
385 5382 492 5445 sapere
506 5365 671 5445 incipient,
684 5365 739 5427 uiri
755 5374 784 5427 te
800 5364 892 5445 lonqe
906 5368 1012 5445 aliter,
1028 5360 1120 5448 atque
1136 5369 1212 5448 ipsi,
1222 5369 1260 5431 de
1273 5370 1425 5448 Greqoria
1440 5380 1549 5434 nostro
1566 5373 1681 5435 sentire
1695 5374 1779 5435 uide·

139 5468 221 5540 rint,
240 5486 307 5528 eum
323 5467 443 5529 seilicet
456 5468 571 5547 uirum,
589 5467 679 5546 cuius
692 5466 802 5529 natioo
815 5478 844 5529 et
858 5470 983 5532 minime
996 5469 1144 5552 affectata
1159 5469 1335 5551 eloquentia
1346 5472 1469 5550 priseos
1487 5471 1559 5533 illos
1577 5474 1750 5552 Romanas
1766 5506 1780 5521 ·

142 5565 267 5629 cundia
280 5564 449 5644 maqistros
464 5570 659 5645 assequatur.
672 5565 802 5628 Memini
818 5566 923 5628 airum
936 5567 1103 5651 quemdam
1113 5570 1280 5646 illustrem,
1300 5570 1353 5632 cui
1368 5571 1500 5633 maxime
1517 5573 1687 5651 familiares
1703 5580 1781 5632 sunt

141 5665 230 5728 bona
245 5664 370 5734 littera,
386 5681 454 5723 eum
468 5665 597 5726 cuculo
612 5666 699 5744 reqio
713 5683 814 5746 nuper
834 5665 962 5746 rediret,
977 5668 1032 5733 ubi
1046 5680 1074 5734 te
1089 5672 1289 5754 infrequenti
1312 5680 1436 5737 senatus
1467 5676 1662 5756 ouminanue
1688 5671 1780 5736 ordi·

284 5765 419 5826 russos.
441 5762 557 5827 txttt.
1373 5830 1376 5839 .
1464 5828 1468 5835 .
1566 5779 1589 5842 i

78 5849 183 6063 eff
