3794 6128
68 92 1804 173 &um

63 262 70 269 ·
429 277 691 366 uourrnu
725 242 783 362 ru
818 270 1071 380 ssonuus
1106 277 1456 368 ousourouu.
1513 352 1518 363 .

62 494 67 527 ,
107 446 295 525 chronicum,
310 453 388 528 quod
400 455 433 515 in
448 455 616 515 collectione
635 455 806 528 Fredegario
822 455 960 515 attributa
981 464 1118 530 quartum
1141 464 1191 518 aut
1204 463 1321 517 sextum
1335 458 1430 517 locum
1445 456 1565 529 obtinet,
1580 456 1710 534 Gregorii
1725 461 1821 541 nostri

70 540 430 617 nistoriaesuhjungimus,
441 544 518 618 quod
527 544 565 603 sit
578 545 642 619 ejus
656 545 748 603 vetuti
758 544 946 604 continuatio.
960 545 1038 604 Hinc
1054 547 1189 608 nonnulii
1205 548 1317 607 codices
1330 546 1439 621 scripti,
1452 545 1484 604 in
1496 546 1605 621 quihus
1614 563 1709 608 nonus
1719 547 1819 610 Histo-

57 652 62 661 ·
77 628 319 704 risoregorianae
334 631 406 690 liber
421 640 448 691 et
461 633 592 692 decimus
611 635 642 691 in
664 649 760 693 unum
773 632 948 704 conflantur,
970 649 1058 708 quom
1082 635 1227 710 appellant
1246 651 1368 706 nonum,
1394 634 1449 694 hoc
1460 635 1559 709 ipsum
1573 636 1750 696 (linonicum
1763 637 1820 697 suh

85 718 175 784 issimi
189 718 326 779 Historiae
341 722 473 793 Gregorii
485 721 665 782 Turonensis
678 721 745 780 iibri
760 721 844 780 tituto
858 730 1082 795 repraesentant;
1101 725 1178 799 quod
1192 725 1223 783 in
1245 725 1390 799 plerisque
1409 723 1494 782 editis
1509 723 1563 783 suh
1581 726 1750 798 Appenninis
1766 729 1822 786 ant

90 812 198 879 drepoii
207 812 339 869 Historiae
354 812 421 866 iibri
430 811 570 867 undecimi
584 809 669 869 titulo
685 809 839 882 vulgatum
853 815 905 869 est.
922 810 993 884 Ejus
1008 817 1155 870 auctorem
1169 811 1224 871 suh
1239 812 1354 886 Pippini
1366 811 1441 886 regis
1455 817 1507 871 aut
1523 819 1600 871 certe
1614 812 1707 871 Caroli
1721 813 1823 888 Magni

95 900 143 976 ejus
151 896 200 956 iiiii
214 898 379 973 principatu
392 899 549 974 scripsisse,
567 906 600 959 nt
618 898 779 972 plurimum
794 898 848 957 riri
865 899 970 958 eruditi
986 900 1239 970 existimaverunt,
1255 901 1331 975 quod
1344 901 1513 974 inputgatis
1526 899 1611 959 editis
1623 899 1819 976 omnibusque

98 989 165 1047 erne
180 988 385 1062 manuscriptis
395 1003 441 1048 res
453 989 489 1047 ad
504 988 610 1047 horum
625 987 792 1062 principum
801 1003 894 1064 usque
910 995 1036 1063 tempora
1049 997 1136 1064 gestae
1149 989 1367 1058 describantur;
1382 994 1411 1048 ut
1424 988 1540 1049 illinon
1556 989 1625 1048 satis
1638 990 1819 1051 continuato-

100 1075 255 1148 resaprimo
273 1077 410 1136 chronici
423 1083 539 1138 auctore
554 1077 764 1136 distinxerunt.
780 1076 861 1147 Quod
876 1083 973 1151 postea
987 1094 1018 1136 re
1030 1079 1193 1137 accuratius
1207 1084 1324 1148 attenta,
1339 1084 1367 1137 et
1382 1083 1513 1136 veterum
1525 1078 1659 1137 codicum
1678 1092 1731 1152 ope
1742 1083 1819 1154 prm·

101 1164 175 1225 dun
187 1167 228 1222 est
239 1179 257 1222 a
270 1163 343 1223 viris
360 1164 460 1236 doctis,
474 1165 711 1225 existimantibus
724 1165 810 1240 primi
825 1165 952 1225 auctoris
966 1181 1038 1240 opus
1051 1165 1128 1224 ultra
1139 1181 1251 1226 annum
1267 1173 1404 1242 quartum
1416 1166 1572 1226 chlodovei
1590 1165 1628 1238 ii,
1639 1181 1706 1225 aorae
1720 1164 1822 1241 vulga-

101 1252 131 1313 ris
141 1252 193 1323 iii,
207 1267 266 1312 non
280 1253 447 1328 pertigisse3
464 1270 498 1313 ea
512 1269 580 1314 vero
594 1269 660 1328 quae
675 1260 838 1329 sequuntur
850 1270 867 1312 a
882 1253 971 1314 variis
985 1254 1153 1314 auctoribus
1178 1255 1268 1314 inisse
1291 1255 1410 1329 adjecta,
1435 1271 1502 1330 quae
1515 1255 1614 1314 omnia
1628 1256 1689 1314 suis
1703 1255 1774 1317 locis
1786 1253 1820 1315 in

102 1338 142 1401 tm
157 1348 246 1400 nostra
270 1339 647 1415 editionedistinguentur.
674 1342 760 1401 Plura
783 1342 808 1401 si
830 1342 899 1417 quis
920 1341 1019 1401 dehis
1040 1341 1128 1401 rebus
1154 1341 1227 1402 sciro
1248 1343 1337 1418 cupit,
1359 1342 1443 1416 leget,
1466 1343 1491 1402 si
1512 1343 1601 1414 lubet,
1617 1342 1819 1417 praefationem

104 1442 171 1503 quan
182 1428 249 1489 huic
261 1428 405 1489 volumini
417 1429 612 1504 praetiximus.

200 1648 884 1934 FREDEGARH
966 1782 1693 1937 SCHOLASTICI

599 2081 1300 2294 cunournuu

392 2392 735 2513 surisnis
766 2390 1503 2530 conresurrecturis,

904 2627 989 2690 SIVE

249 2889 251 2894 .
319 2795 665 2915 APPENDIX
742 2794 834 2918 tt)
914 2788 1156 2906 Sinuri
1240 2789 1571 2909 nusuonrt

491 3056 857 3173 episcopi
914 3052 1357 3166 TURONENSIS

209 3299 841 3452 ursioni-ru
962 3267 1736 3521 unruochum..

766 3795 1104 3956 '‘roiopms.

69 4168 278 4316 ‘rr
1369 4151 1826 4226 ..t

10 4310 23 4405 ir
67 4262 554 4424 ssfiuoosoorlouioooorooooaooro
565 4265 850 4408 ἰῖἶῗτᾞὲᾚοξὲῗῗ
864 4270 916 4416 ῗῗι
929 4268 1178 4402 ἑέυοέοεεὶῑεῑειῐι
1191 4331 1302 4407 aliquid
1318 4332 1349 4389 in
1364 4330 1466 4391 ordine
1479 4285 1649 4390 sermonum
1661 4335 1825 4403 mutavero,

10 4410 38 4533 ι,
68 4430 114 4495 eb
131 4433 300 4509 interpretis
323 4436 423 4496 videor
435 4436 529 4496 oiiicio
540 4436 700 4495 recessisse.
727 4436 827 4510 Itaque
841 4432 917 4492 heati
935 4427 1120 4502 Hieronymi,
1136 4422 1248 4492 Ydacii,
1273 4427 1300 4479 et
1318 4418 1470 4493 cujusdam
1493 4417 1647 4493 Sapientis,
1663 4432 1715 4479 seu
1727 4424 1756 4480 et
1768 4416 1826 4479 lsi-

36 4508 49 4525 ”
68 4520 151 4593 eon,
166 4521 283 4599 imoque
296 4531 324 4583 et
340 4524 471 4602 Gregorii
484 4527 636 4585 chronicas
652 4525 786 4584 emundi
801 4522 913 4597 origine
928 4514 1152 4593 diligentissime
1166 4523 1346 4606 percurrons,
1357 4523 1454 4606 'usque
1468 4506 1623 4568 decedente
1642 4523 1731 4583 regno
1747 4507 1828 4570 Gun-

37 4632 49 4669 .-
68 4608 198 4680 unni,
212 4609 258 4671 his
268 4612 401 4690 quinque
415 4613 559 4672 chronicis
575 4612 663 4687 hujus
673 4612 775 4684 libelii,
788 4626 842 4669 nco
852 4609 979 4684 piurima
992 4600 1187 4679 praetermissa
1200 4609 1211 4636 ⁶
1223 4596 1396 4695 singiliatrm
1409 4596 1599 4671 congruentia
1612 4597 1687 4672 stylo
1700 4595 1826 4671 inserui,

31 4692 44 4733 ·'·
67 4697 158 4779 quod
179 4700 248 4770 idi,
271 4705 347 4774 quae]
365 4699 409 4759 iili
426 4699 613 4760 solertissime
626 4698 736 4774 ubsque
750 4695 973 4773 reprehensione
986 4689 1188 4751 condiderunt.
1204 4685 1278 4745 Cum
1296 4685 1360 4744 haec
1372 4690 1413 4744 tta
1427 4700 1457 4743 se
1479 4684 1616 4758 habeant,
1629 4685 1826 4747 necessarium

67 4786 153 4853 suxi
168 4788 315 4849 ventatem
329 4788 499 4866 diligentius
511 4788 637 4864 insequi,
649 4794 678 4846 et
689 4789 726 4847 oh
739 4788 769 4846 id
784 4788 815 4846 in
829 4785 974 4861 prioribus
988 4781 1034 4839 his
1047 4780 1060 4816 ⁶
1071 4775 1226 4846 chronicis,
1239 4773 1323 4850 quasi
1333 4775 1458 4848 quodam
1469 4773 1567 4835 tuturo
1577 4790 1671 4850 opere.
1689 4774 1826 4834 omnium

67 4879 154 4945 mihi
170 4894 257 4953 regna
268 4886 297 4938 et
310 4885 438 4953 tempora
452 4876 611 4952 praenotavi
624 4891 651 4935 ⁶.
667 4875 700 4935 in
713 4876 847 4951 praesenti
860 4883 957 4934 autern
973 4869 1047 4946 stylo
1061 4884 1095 4927 ec
1108 4872 1236 4939 tempora
1249 4866 1371 4938 ponens,
1386 4868 1414 4922 et
1432 4863 1615 4939 singularum
1628 4863 1758 4938 gentium
1771 4876 1826 4923 cu·

68 4968 241 5033 riesissimo
255 4966 357 5028 ordine
370 4982 437 5043 quae
449 4972 600 5041 gesserunt
623 4966 767 5037 coaptori;
792 4965 868 5039 quod
891 4956 1110 5039 prudentissimi
1136 4958 1297 5020 587-588
1319 4953 1387 5024 riri,
1406 4968 1480 5028 quos
1495 4969 1583 5028 supra
1599 4949 1730 5022 memini,
1745 4950 1826 5013 hisce

66 5054 226 5119 chronicis
238 5055 372 5129 (verbum
393 5057 448 5116 hoc
465 5061 509 5114 est
523 5069 629 5113 nomeu
646 5054 791 5125 Graccum,
817 5036 895 5129 qdod
918 5048 1008 5111 latine
1032 5047 1246 5121 iuterpretatur,
1265 5049 1344 5120 gesta
1368 5047 1541 5119 temporum)
1561 5038 1764 5100 severissimos
1778 5039 1824 5101 di·

104 5224 117 5249 ·
134 5212 215 5274 Gen..
234 5209 304 5266 dum
328 5213 366 5265 nd
396 5208 533 5276 timidum
554 5210 646 5273 jussere
668 5204 843 5275 [ai.‚iussic,·
868 5209 930 5264 iioh.
1008 5201 1106 5259 suern,
1122 5200 1346 5283 etohoiieruium.
1367 5197 1470 5278 inhio
1552 5267 1557 5277 Ι
1614 5266 1650 5277 ..

63 5282 165 5359 jusso]
189 5282 263 5337 serii
286 5283 491 5350 proprietatem.
525 5279 613 5341 ireh„
642 5277 710 5333 dum
735 5281 772 5333 eo
798 5282 932 5350 tipuirtam
1005 5272 1204 5338 ‘thesauris
1219 5269 1370 5337 quaternam
1380 5270 1469 5333 [sture
1480 5278 1569 5332 operis
1579 5267 1827 5323 mremmememm

212 5354 399 5413 micheam,
416 5355 468 5406 etc.
974 5344 1044 5398 mihi
1066 5357 1160 5396 rerum
1187 5345 1243 5410 tot,
1271 5338 1375 5405 repom]
1398 5343 1423 5392 et
1449 5343 1601 5404 mmmmm
1620 5351 1698 5406 per...
1720 5338 1824 5396 emori.

104 5416 241 5470 *chesn
274 5423 303 5469 et
330 5416 416 5477 isch..
447 5415 596 5468 Verooceto
622 5414 720 5481 tioprsar
745 5416 828 5484 hujus
851 5414 934 5471 oeric
976 5414 1392 5478 rreh.,‚erremp0mmpmem,
1411 5413 1463 5464 etc.

69 5486 276 5553 &immistis
288 5486 412 5542 eemree.
1008 5488 1018 5524 ¹
1033 5485 1139 5549 soher,
1152 5484 1370 5537 severissimum.

104 5568 117 5592 ·
135 5559 214 5615 roste
224 5570 277 5626 pro
290 5563 368 5614 sexto
381 5570 455 5620 omn,
471 5558 599 5623 piurimis
615 5557 821 5622 pretermissis.
