<?xml version="1.0" encoding="UTF-8"?>
<!DOCTYPE html PUBLIC "-//W3C//DTD XHTML 1.0 Transitional//EN"
    "http://www.w3.org/TR/xhtml1/DTD/xhtml1-transitional.dtd">
<html xmlns="http://www.w3.org/1999/xhtml" xml:lang="en" lang="en">
 <head>
  <title>
</title>
<meta http-equiv="Content-Type" content="text/html;charset=utf-8" />
  <meta name='ocr-system' content='tesseract 3.04.00' />
  <meta name='ocr-capabilities' content='ocr_page ocr_carea ocr_par ocr_line ocrx_word'/>
</head>
<body>
  <div class='ocr_page' id='page_1' title='image "./patrologiaecurs21unkngoog_0018.png"; bbox 0 0 3794 6128; ppageno 0'>
   <div class='ocr_carea' id='block_1_1' title="bbox 126 278 1768 474">
    <p class='ocr_par' dir='ltr' id='par_1_1' title="bbox 126 278 1768 474">
     <span class='ocr_line' id='line_1_1' title="bbox 126 278 1768 348; baseline -0.002 -10"><span class='ocrx_word' id='word_1_1' title='bbox 126 278 163 338; x_wconf 76' lang='lat' dir='ltr'><strong>at</strong></span> <span class='ocrx_word' id='word_1_2' title='bbox 842 279 1040 339; x_wconf 80' lang='lat' dir='ltr'><strong>PRAEFdTlO.</strong></span> <span class='ocrx_word' id='word_1_3' title='bbox 1382 305 1388 312; x_wconf 93' lang='lat'>·</span> <span class='ocrx_word' id='word_1_4' title='bbox 1731 287 1768 348; x_wconf 73' lang='lat'><strong>28</strong></span> 
     </span>
     <span class='ocr_line' id='line_1_2' title="bbox 126 395 1764 474; baseline 0.001 -20"><span class='ocrx_word' id='word_1_5' title='bbox 126 396 234 454; x_wconf 84' lang='lat' dir='ltr'><strong>atltutos</strong></span> <span class='ocrx_word' id='word_1_6' title='bbox 249 413 257 454; x_wconf 80' lang='lat' dir='ltr'><strong>a</strong></span> <span class='ocrx_word' id='word_1_7' title='bbox 273 413 340 468; x_wconf 87' lang='lat' dir='ltr'><strong>qnos</strong></span> <span class='ocrx_word' id='word_1_8' title='bbox 359 397 572 466; x_wconf 89' lang='lat' dir='ltr'><strong>metropolitani,</strong></span> <span class='ocrx_word' id='word_1_9' title='bbox 588 397 621 453; x_wconf 93' lang='lat' dir='ltr'><strong>de</strong></span> <span class='ocrx_word' id='word_1_10' title='bbox 640 413 732 453; x_wconf 90' lang='lat' dir='ltr'><strong>eorum</strong></span> <span class='ocrx_word' id='word_1_11' title='bbox 753 396 874 453; x_wconf 74' lang='lat' dir='ltr'><strong>domina</strong></span> <span class='ocrx_word' id='word_1_12' title='bbox 894 408 921 452; x_wconf 92' lang='lat' dir='ltr'><strong>et</strong></span> <span class='ocrx_word' id='word_1_13' title='bbox 935 399 962 457; x_wconf 79' lang='grc' dir='ltr'><strong>Α</strong></span> <span class='ocrx_word' id='word_1_14' title='bbox 974 412 1034 449; x_wconf 91' lang='lat' dir='ltr'><strong>rum</strong></span> <span class='ocrx_word' id='word_1_15' title='bbox 1059 395 1199 452; x_wconf 87' lang='lat' dir='ltr'><strong>ordinatos</strong></span> <span class='ocrx_word' id='word_1_16' title='bbox 1220 408 1279 465; x_wconf 88' lang='lat' dir='ltr'><strong>est,</strong></span> <span class='ocrx_word' id='word_1_17' title='bbox 1296 399 1445 456; x_wconf 78' lang='lat' dir='ltr'><strong>Aventinus</strong></span> <span class='ocrx_word' id='word_1_18' title='bbox 1457 401 1526 472; x_wconf 89' lang='lat' dir='ltr'><strong>apud</strong></span> <span class='ocrx_word' id='word_1_19' title='bbox 1547 400 1764 474; x_wconf 72' lang='lat' dir='ltr'><strong>sastinianum,</strong></span> 
     </span>
    </p>
   </div>
   <div class='ocr_carea' id='block_1_2' title="bbox 104 482 923 1751">
    <p class='ocr_par' dir='ltr' id='par_1_2' title="bbox 104 482 923 1751">
     <span class='ocr_line' id='line_1_3' title="bbox 127 482 921 562; baseline -0.004 -16"><span class='ocrx_word' id='word_1_20' title='bbox 127 491 218 562; x_wconf 88' lang='lat' dir='ltr'><strong>probis</strong></span> <span class='ocrx_word' id='word_1_21' title='bbox 232 490 352 546; x_wconf 92' lang='lat' dir='ltr'><strong>moribus</strong></span> <span class='ocrx_word' id='word_1_22' title='bbox 366 506 381 545; x_wconf 91' lang='lat' dir='ltr'><strong>a</strong></span> <span class='ocrx_word' id='word_1_23' title='bbox 394 482 527 560; x_wconf 70' lang='lat' dir='ltr'><strong>roge‘tpso</strong></span> <span class='ocrx_word' id='word_1_24' title='bbox 540 490 600 544; x_wconf 90' lang='lat' dir='ltr'><strong>lacti</strong></span> <span class='ocrx_word' id='word_1_25' title='bbox 622 489 762 555; x_wconf 74' lang='lat' dir='ltr'><strong>certiores,</strong></span> <span class='ocrx_word' id='word_1_26' title='bbox 770 503 921 548; x_wconf 79' lang='lat' dir='ltr'><strong>consecra-</strong></span> 
     </span>
     <span class='ocr_line' id='line_1_4' title="bbox 104 571 921 651; baseline -0.007 -11"><span class='ocrx_word' id='word_1_27' title='bbox 104 571 105 578; x_wconf 35' lang='lat'><em>*</em></span> <span class='ocrx_word' id='word_1_28' title='bbox 126 578 206 649; x_wconf 83' lang='lat' dir='ltr'><strong>baat;</strong></span> <span class='ocrx_word' id='word_1_29' title='bbox 222 585 268 640; x_wconf 88' lang='lat' dir='ltr'><strong>sed</strong></span> <span class='ocrx_word' id='word_1_30' title='bbox 279 585 376 639; x_wconf 81' lang='lat' dir='ltr'><strong>eiriotn</strong></span> <span class='ocrx_word' id='word_1_31' title='bbox 387 593 432 636; x_wconf 90' lang='lat' dir='ltr'><strong>aot</strong></span> <span class='ocrx_word' id='word_1_32' title='bbox 443 582 507 637; x_wconf 90' lang='lat' dir='ltr'><strong>cleri</strong></span> <span class='ocrx_word' id='word_1_33' title='bbox 519 596 677 647; x_wconf 87' lang='lat' dir='ltr'><strong>consensus,</strong></span> <span class='ocrx_word' id='word_1_34' title='bbox 686 597 746 636; x_wconf 86' lang='lat' dir='ltr'><strong>cum</strong></span> <span class='ocrx_word' id='word_1_35' title='bbox 758 580 795 636; x_wconf 91' lang='lat' dir='ltr'><strong>illi</strong></span> <span class='ocrx_word' id='word_1_36' title='bbox 808 583 921 651; x_wconf 90' lang='lat' dir='ltr'><strong>primum</strong></span> 
     </span>
     <span class='ocr_line' id='line_1_5' title="bbox 127 673 921 743; baseline -0.003 -13"><span class='ocrx_word' id='word_1_37' title='bbox 127 675 155 730; x_wconf 91' lang='lat' dir='ltr'><strong>ln</strong></span> <span class='ocrx_word' id='word_1_38' title='bbox 175 676 266 730; x_wconf 89' lang='lat' dir='ltr'><strong>urbem</strong></span> <span class='ocrx_word' id='word_1_39' title='bbox 282 689 357 728; x_wconf 86' lang='lat' dir='ltr'><strong>suam</strong></span> <span class='ocrx_word' id='word_1_40' title='bbox 374 673 562 738; x_wconf 75' lang='lat' dir='ltr'><strong>adveniebant,</strong></span> <span class='ocrx_word' id='word_1_41' title='bbox 576 674 730 743; x_wconf 75' lang='lat' dir='ltr'><strong>rogabatur.</strong></span> <span class='ocrx_word' id='word_1_42' title='bbox 752 673 814 727; x_wconf 72' lang='lat' dir='ltr'><strong>llaec</strong></span> <span class='ocrx_word' id='word_1_43' title='bbox 833 684 921 728; x_wconf 87' lang='lat' dir='ltr'><strong>tamen</strong></span> 
     </span>
     <span class='ocr_line' id='line_1_6' title="bbox 126 762 923 833; baseline -0.006 -11"><span class='ocrx_word' id='word_1_44' title='bbox 126 766 292 822; x_wconf 85' lang='lat' dir='ltr'><strong>consuetudo</strong></span> <span class='ocrx_word' id='word_1_45' title='bbox 308 765 473 833; x_wconf 77' lang='lat' dir='ltr'><strong>electionum,</strong></span> <span class='ocrx_word' id='word_1_46' title='bbox 484 763 633 818; x_wconf 89' lang='lat' dir='ltr'><strong>libertatem</strong></span> <span class='ocrx_word' id='word_1_47' title='bbox 650 762 762 818; x_wconf 89' lang='lat' dir='ltr'><strong>multum</strong></span> <span class='ocrx_word' id='word_1_48' title='bbox 779 763 923 820; x_wconf 77' lang='lat' dir='ltr'><strong>labefacta·</strong></span> 
     </span>
     <span class='ocr_line' id='line_1_7' title="bbox 126 856 922 928; baseline -0.003 -16"><span class='ocrx_word' id='word_1_49' title='bbox 126 861 178 923; x_wconf 77' lang='lat' dir='ltr'><strong>rit3</strong></span> <span class='ocrx_word' id='word_1_50' title='bbox 202 873 280 928; x_wconf 89' lang='lat' dir='ltr'><strong>quam</strong></span> <span class='ocrx_word' id='word_1_51' title='bbox 304 858 422 911; x_wconf 88' lang='lat' dir='ltr'><strong>conciliis</strong></span> <span class='ocrx_word' id='word_1_52' title='bbox 445 857 572 925; x_wconf 81' lang='lat' dir='ltr'><strong>ignrrtam,</strong></span> <span class='ocrx_word' id='word_1_53' title='bbox 595 865 622 910; x_wconf 91' lang='grc' dir='ltr'>ει</span> <span class='ocrx_word' id='word_1_54' title='bbox 643 856 744 912; x_wconf 89' lang='lat' dir='ltr'><strong>seusinr</strong></span> <span class='ocrx_word' id='word_1_55' title='bbox 765 857 823 912; x_wconf 90' lang='lat' dir='ltr'><strong>sine</strong></span> <span class='ocrx_word' id='word_1_56' title='bbox 842 872 922 911; x_wconf 81' lang='lat' dir='ltr'><strong>senso</strong></span> 
     </span>
     <span class='ocr_line' id='line_1_8' title="bbox 127 946 922 1028; baseline -0.004 -24"><span class='ocrx_word' id='word_1_57' title='bbox 127 949 304 1004; x_wconf 86' lang='lat' dir='ltr'><strong>introductam</strong></span> <span class='ocrx_word' id='word_1_58' title='bbox 319 946 470 1003; x_wconf 75' lang='lat' dir='ltr'><strong>chlotarius</strong></span> <span class='ocrx_word' id='word_1_59' title='bbox 486 947 506 1003; x_wconf 94' lang='grc' dir='ltr'><strong>ΙΙ</strong></span> <span class='ocrx_word' id='word_1_60' title='bbox 537 949 563 1001; x_wconf 90' lang='lat' dir='ltr'><strong>iu</strong></span> <span class='ocrx_word' id='word_1_61' title='bbox 579 948 696 1002; x_wconf 89' lang='lat' dir='ltr'><strong>edictum</strong></span> <span class='ocrx_word' id='word_1_62' title='bbox 712 947 922 1028; x_wconf 78' lang='lat' dir='ltr'><strong>coufirmat&#39;ouis</strong></span> 
     </span>
     <span class='ocr_line' id='line_1_9' title="bbox 128 1038 921 1112; baseline -0.008 -19"><span class='ocrx_word' id='word_1_63' title='bbox 128 1041 249 1112; x_wconf 79' lang='lat' dir='ltr'><strong>synodis</strong></span> <span class='ocrx_word' id='word_1_64' title='bbox 270 1040 427 1094; x_wconf 78' lang='lat' dir='ltr'><strong>Parisiousis</strong></span> <span class='ocrx_word' id='word_1_65' title='bbox 442 1041 541 1106; x_wconf 89' lang='lat' dir='ltr'><strong>primus</strong></span> <span class='ocrx_word' id='word_1_66' title='bbox 555 1039 636 1094; x_wconf 90' lang='lat' dir='ltr'><strong>inseri</strong></span> <span class='ocrx_word' id='word_1_67' title='bbox 651 1040 764 1104; x_wconf 85' lang='lat' dir='ltr'><strong>curavit,</strong></span> <span class='ocrx_word' id='word_1_68' title='bbox 777 1054 847 1092; x_wconf 88' lang='lat' dir='ltr'><strong>anno</strong></span> <span class='ocrx_word' id='word_1_69' title='bbox 858 1038 921 1101; x_wconf 72' lang='lat' dir='ltr'><strong>dlii,</strong></span> 
     </span>
     <span class='ocr_line' id='line_1_10' title="bbox 129 1127 921 1199; baseline -0.004 -14"><span class='ocrx_word' id='word_1_70' title='bbox 129 1140 159 1185; x_wconf 90' lang='lat' dir='ltr'><strong>ut</strong></span> <span class='ocrx_word' id='word_1_71' title='bbox 174 1131 299 1197; x_wconf 86' lang='lat' dir='ltr'><strong>deinceps</strong></span> <span class='ocrx_word' id='word_1_72' title='bbox 315 1145 362 1196; x_wconf 90' lang='lat' dir='ltr'><strong>pro</strong></span> <span class='ocrx_word' id='word_1_73' title='bbox 378 1130 434 1198; x_wconf 89' lang='lat' dir='ltr'><strong>lege</strong></span> <span class='ocrx_word' id='word_1_74' title='bbox 450 1130 603 1185; x_wconf 88' lang='lat' dir='ltr'><strong>baberetur.</strong></span> <span class='ocrx_word' id='word_1_75' title='bbox 618 1127 757 1199; x_wconf 73' lang='lat' dir='ltr'><strong><em>Episcopo,</em></strong></span> <span class='ocrx_word' id='word_1_76' title='bbox 770 1130 866 1195; x_wconf 78' lang='lat' dir='ltr'><strong>inquit,</strong></span> <span class='ocrx_word' id='word_1_77' title='bbox 878 1129 921 1182; x_wconf 85' lang='lat' dir='ltr'><strong>de·</strong></span> 
     </span>
     <span class='ocr_line' id='line_1_11' title="bbox 125 1221 923 1291; baseline -0.004 -16"><span class='ocrx_word' id='word_1_78' title='bbox 125 1221 238 1284; x_wconf 72' lang='lat' dir='ltr'><strong>cedente,</strong></span> <span class='ocrx_word' id='word_1_79' title='bbox 252 1225 278 1274; x_wconf 92' lang='lat' dir='ltr'><strong>in</strong></span> <span class='ocrx_word' id='word_1_80' title='bbox 293 1225 349 1273; x_wconf 89' lang='lat' dir='ltr'><strong>loco</strong></span> <span class='ocrx_word' id='word_1_81' title='bbox 362 1222 443 1285; x_wconf 84' lang='lat' dir='ltr'><strong>iprirts</strong></span> <span class='ocrx_word' id='word_1_82' title='bbox 453 1222 525 1290; x_wconf 84' lang='lat' dir='ltr'><strong>qaia</strong></span> <span class='ocrx_word' id='word_1_83' title='bbox 540 1223 734 1291; x_wconf 83' lang='lat' dir='ltr'><strong>metropolitano</strong></span> <span class='ocrx_word' id='word_1_84' title='bbox 750 1221 865 1275; x_wconf 84' lang='lat' dir='ltr'><strong>ordinari</strong></span> <span class='ocrx_word' id='word_1_85' title='bbox 879 1221 923 1274; x_wconf 85' lang='lat' dir='ltr'><strong>de-</strong></span> 
     </span>
     <span class='ocr_line' id='line_1_12' title="bbox 125 1311 922 1383; baseline -0.003 -17"><span class='ocrx_word' id='word_1_86' title='bbox 125 1313 174 1379; x_wconf 74' lang='lat' dir='ltr'><strong>det,</strong></span> <span class='ocrx_word' id='word_1_87' title='bbox 190 1315 454 1383; x_wconf 79' lang='lat' dir='ltr'><strong>comprovincialibus</strong></span> <span class='ocrx_word' id='word_1_88' title='bbox 468 1313 563 1365; x_wconf 86' lang='lat' dir='ltr'><strong>ariera</strong></span> <span class='ocrx_word' id='word_1_89' title='bbox 578 1322 601 1365; x_wconf 90' lang='lat' dir='ltr'><strong>ct</strong></span> <span class='ocrx_word' id='word_1_90' title='bbox 615 1312 711 1379; x_wconf 86' lang='lat' dir='ltr'><strong>populo</strong></span> <span class='ocrx_word' id='word_1_91' title='bbox 726 1311 853 1381; x_wconf 56' lang='lat' dir='ltr'><strong>adipatum·</strong></span> <span class='ocrx_word' id='word_1_92' title='bbox 866 1321 890 1364; x_wconf 83' lang='lat' dir='ltr'><strong>et</strong></span> <span class='ocrx_word' id='word_1_93' title='bbox 900 1312 922 1364; x_wconf 73' lang='grc' dir='ltr'><strong>εἰ</strong></span> 
     </span>
     <span class='ocr_line' id='line_1_13' title="bbox 125 1399 922 1473; baseline -0.005 -15"><span class='ocrx_word' id='word_1_94' title='bbox 125 1421 234 1473; x_wconf 84' lang='lat' dir='ltr'><strong>persono</strong></span> <span class='ocrx_word' id='word_1_95' title='bbox 244 1404 374 1473; x_wconf 80' lang='lat' dir='ltr'><strong>condique</strong></span> <span class='ocrx_word' id='word_1_96' title='bbox 383 1405 470 1472; x_wconf 69' lang='lat' dir='ltr'><strong>licerit,</strong></span> <span class='ocrx_word' id='word_1_97' title='bbox 487 1399 531 1470; x_wconf 85' lang='lat' dir='ltr'><strong>per</strong></span> <span class='ocrx_word' id='word_1_98' title='bbox 544 1402 731 1456; x_wconf 71' lang='lat' dir='ltr'><strong>orarationem</strong></span> <span class='ocrx_word' id='word_1_99' title='bbox 743 1401 922 1472; x_wconf 71' lang='lat' dir='ltr'><strong>principiopr-</strong></span> 
     </span>
     <span class='ocr_line' id='line_1_14' title="bbox 125 1486 922 1566; baseline -0.001 -17"><span class='ocrx_word' id='word_1_100' title='bbox 125 1497 236 1549; x_wconf 86' lang='lat' dir='ltr'><strong>diuetor.</strong></span> <span class='ocrx_word' id='word_1_101' title='bbox 254 1495 316 1549; x_wconf 70' lang='lat' dir='ltr'><strong>llaec</strong></span> <span class='ocrx_word' id='word_1_102' title='bbox 331 1497 415 1563; x_wconf 89' lang='lat' dir='ltr'><strong>prima</strong></span> <span class='ocrx_word' id='word_1_103' title='bbox 429 1496 627 1549; x_wconf 75' lang='lat' dir='ltr'><strong>ordinationum</strong></span> <span class='ocrx_word' id='word_1_104' title='bbox 648 1496 751 1566; x_wconf 91' lang='lat' dir='ltr'><strong>regula,</strong></span> <span class='ocrx_word' id='word_1_105' title='bbox 765 1505 793 1549; x_wconf 93' lang='lat' dir='ltr'><strong>ut</strong></span> <span class='ocrx_word' id='word_1_106' title='bbox 808 1486 922 1550; x_wconf 82' lang='lat' dir='ltr'><strong>vidimus</strong></span> 
     </span>
     <span class='ocr_line' id='line_1_15' title="bbox 125 1589 922 1655; baseline 0.001 -11"><span class='ocrx_word' id='word_1_107' title='bbox 125 1603 159 1644; x_wconf 81' lang='lat' dir='ltr'><strong>cx</strong></span> <span class='ocrx_word' id='word_1_108' title='bbox 166 1590 300 1644; x_wconf 87' lang='lat' dir='ltr'><strong>concilior</strong></span> <span class='ocrx_word' id='word_1_109' title='bbox 309 1589 505 1655; x_wconf 79' lang='lat' dir='ltr'><strong>dirreliaoensi,</strong></span> <span class='ocrx_word' id='word_1_110' title='bbox 520 1589 698 1645; x_wconf 86' lang='lat' dir='ltr'><strong>noramaddit</strong></span> <span class='ocrx_word' id='word_1_111' title='bbox 710 1609 717 1645; x_wconf 74' lang='grc' dir='ltr'><strong><em>ε</em></strong></span> <span class='ocrx_word' id='word_1_112' title='bbox 734 1589 772 1644; x_wconf 80' lang='grc' dir='ltr'><strong>ιιι</strong></span> <span class='ocrx_word' id='word_1_113' title='bbox 782 1592 879 1646; x_wconf 76' lang='lat' dir='ltr'><strong>certari</strong></span> <span class='ocrx_word' id='word_1_114' title='bbox 890 1591 922 1645; x_wconf 87' lang='lat' dir='ltr'><strong>de</strong></span> 
     </span>
     <span class='ocr_line' id='line_1_16' title="bbox 124 1680 923 1751; baseline 0.004 -21"><span class='ocrx_word' id='word_1_115' title='bbox 124 1680 224 1748; x_wconf 79' lang='lat' dir='ltr'><strong>palatio</strong></span> <span class='ocrx_word' id='word_1_116' title='bbox 237 1681 350 1747; x_wconf 79' lang='lat' dir='ltr'><strong>eligitur,</strong></span> <span class='ocrx_word' id='word_1_117' title='bbox 365 1696 410 1749; x_wconf 85' lang='lat' dir='ltr'><strong>per</strong></span> <span class='ocrx_word' id='word_1_118' title='bbox 423 1680 540 1734; x_wconf 86' lang='lat' dir='ltr'><strong>meritant</strong></span> <span class='ocrx_word' id='word_1_119' title='bbox 549 1697 670 1751; x_wconf 76' lang='lat' dir='ltr'><strong>perrone</strong></span> <span class='ocrx_word' id='word_1_120' title='bbox 683 1691 706 1734; x_wconf 86' lang='lat' dir='ltr'><strong>et</strong></span> <span class='ocrx_word' id='word_1_121' title='bbox 721 1681 843 1735; x_wconf 76' lang='lat' dir='ltr'><strong>doctrinae</strong></span> <span class='ocrx_word' id='word_1_122' title='bbox 853 1683 923 1735; x_wconf 82' lang='lat' dir='ltr'><strong>srdi-</strong></span> 
     </span>
    </p>
   </div>
   <div class='ocr_carea' id='block_1_3' title="bbox 972 489 1766 1747">
    <p class='ocr_par' dir='ltr' id='par_1_3' title="bbox 972 489 1766 1747">
     <span class='ocr_line' id='line_1_17' title="bbox 973 489 1764 562; baseline 0.014 -22"><span class='ocrx_word' id='word_1_123' title='bbox 973 489 1165 557; x_wconf 83' lang='lat' dir='ltr'><strong>dustrapiuslu</strong></span> <span class='ocrx_word' id='word_1_124' title='bbox 1181 490 1294 545; x_wconf 83' lang='lat' dir='ltr'><strong>Sellcnsl</strong></span> <span class='ocrx_word' id='word_1_125' title='bbox 1308 501 1409 558; x_wconf 90' lang='lat' dir='ltr'><strong>castro,</strong></span> <span class='ocrx_word' id='word_1_126' title='bbox 1437 504 1488 547; x_wconf 84' lang='lat' dir='ltr'><strong>etc.</strong></span> <span class='ocrx_word' id='word_1_127' title='bbox 1513 493 1702 562; x_wconf 78' lang='lat' dir='ltr'><strong>Coadlutorcut</strong></span> <span class='ocrx_word' id='word_1_128' title='bbox 1725 506 1764 550; x_wconf 91' lang='lat' dir='ltr'><strong>ta·</strong></span> 
     </span>
     <span class='ocr_line' id='line_1_18' title="bbox 973 580 1765 655; baseline 0.013 -23"><span class='ocrx_word' id='word_1_129' title='bbox 973 593 1034 632; x_wconf 88' lang='lat' dir='ltr'><strong>men</strong></span> <span class='ocrx_word' id='word_1_130' title='bbox 1056 580 1144 634; x_wconf 92' lang='lat' dir='ltr'><strong>renuit</strong></span> <span class='ocrx_word' id='word_1_131' title='bbox 1168 580 1293 635; x_wconf 89' lang='lat' dir='ltr'><strong>ordinare</strong></span> <span class='ocrx_word' id='word_1_132' title='bbox 1318 581 1462 650; x_wconf 75' lang='lat' dir='ltr'><strong>Gregorius</strong></span> <span class='ocrx_word' id='word_1_133' title='bbox 1486 592 1576 639; x_wconf 88' lang='lat' dir='ltr'><strong>noster</strong></span> <span class='ocrx_word' id='word_1_134' title='bbox 1595 584 1765 655; x_wconf 87' lang='lat' dir='ltr'><strong>Burgundio·</strong></span> 
     </span>
     <span class='ocr_line' id='line_1_19' title="bbox 974 669 1765 744; baseline 0.013 -22"><span class='ocrx_word' id='word_1_135' title='bbox 974 684 1053 736; x_wconf 80' lang='lat' dir='ltr'><strong>norn,</strong></span> <span class='ocrx_word' id='word_1_136' title='bbox 1071 669 1168 725; x_wconf 74' lang='lat' dir='ltr'><strong>Felicis</strong></span> <span class='ocrx_word' id='word_1_137' title='bbox 1192 671 1379 728; x_wconf 84' lang='lat' dir='ltr'><strong>Naruuetensis</strong></span> <span class='ocrx_word' id='word_1_138' title='bbox 1399 674 1516 743; x_wconf 78' lang='lat' dir='ltr'><strong>episcopi</strong></span> <span class='ocrx_word' id='word_1_139' title='bbox 1541 686 1682 744; x_wconf 84' lang='lat' dir='ltr'><strong>nepotem,</strong></span> <span class='ocrx_word' id='word_1_140' title='bbox 1709 686 1765 732; x_wconf 88' lang='lat' dir='ltr'><strong>tunt</strong></span> 
     </span>
     <span class='ocr_line' id='line_1_20' title="bbox 972 759 1766 831; baseline 0.015 -21"><span class='ocrx_word' id='word_1_141' title='bbox 972 759 1044 824; x_wconf 83' lang='lat' dir='ltr'><strong>quod</strong></span> <span class='ocrx_word' id='word_1_142' title='bbox 1060 763 1208 831; x_wconf 82' lang='lat' dir='ltr'><strong>rreopbytos</strong></span> <span class='ocrx_word' id='word_1_143' title='bbox 1220 771 1302 828; x_wconf 89' lang='lat' dir='ltr'><strong>esset,</strong></span> <span class='ocrx_word' id='word_1_144' title='bbox 1320 774 1374 817; x_wconf 88' lang='lat' dir='ltr'><strong>torn</strong></span> <span class='ocrx_word' id='word_1_145' title='bbox 1391 763 1463 830; x_wconf 87' lang='lat' dir='ltr'><strong>qood</strong></span> <span class='ocrx_word' id='word_1_146' title='bbox 1480 767 1548 818; x_wconf 89' lang='lat' dir='ltr'><strong>sacri</strong></span> <span class='ocrx_word' id='word_1_147' title='bbox 1563 779 1681 820; x_wconf 87' lang='lat' dir='ltr'><strong>cauoues</strong></span> <span class='ocrx_word' id='word_1_148' title='bbox 1692 776 1766 822; x_wconf 88' lang='lat' dir='ltr'><strong>veta·</strong></span> 
     </span>
     <span class='ocr_line' id='line_1_21' title="bbox 973 855 1764 925; baseline 0.015 -22"><span class='ocrx_word' id='word_1_149' title='bbox 973 861 1043 915; x_wconf 89' lang='lat' dir='ltr'><strong>rent,</strong></span> <span class='ocrx_word' id='word_1_150' title='bbox 1061 868 1094 906; x_wconf 90' lang='lat' dir='ltr'><strong>ue</strong></span> <span class='ocrx_word' id='word_1_151' title='bbox 1108 855 1168 922; x_wconf 90' lang='lat' dir='ltr'><strong>quis</strong></span> <span class='ocrx_word' id='word_1_152' title='bbox 1183 856 1325 925; x_wconf 89' lang='lat' dir='ltr'><strong>episcopus</strong></span> <span class='ocrx_word' id='word_1_153' title='bbox 1340 856 1417 923; x_wconf 79' lang='lat' dir='ltr'><strong>alteri</strong></span> <span class='ocrx_word' id='word_1_154' title='bbox 1438 856 1526 911; x_wconf 89' lang='lat' dir='ltr'><strong>adbuc</strong></span> <span class='ocrx_word' id='word_1_155' title='bbox 1540 860 1640 913; x_wconf 82' lang='lat' dir='ltr'><strong>viventi</strong></span> <span class='ocrx_word' id='word_1_156' title='bbox 1663 859 1764 915; x_wconf 83' lang='lat' dir='ltr'><strong>substi-</strong></span> 
     </span>
     <span class='ocr_line' id='line_1_22' title="bbox 974 943 1764 1014; baseline 0.018 -22"><span class='ocrx_word' id='word_1_157' title='bbox 974 948 1102 1004; x_wconf 83' lang='lat' dir='ltr'><strong>tueretur,</strong></span> <span class='ocrx_word' id='word_1_158' title='bbox 1117 951 1144 995; x_wconf 89' lang='lat' dir='ltr'><strong>ut</strong></span> <span class='ocrx_word' id='word_1_159' title='bbox 1166 943 1223 1012; x_wconf 90' lang='lat' dir='ltr'><strong>ipse</strong></span> <span class='ocrx_word' id='word_1_160' title='bbox 1241 955 1333 1000; x_wconf 89' lang='lat' dir='ltr'><strong>narrat</strong></span> <span class='ocrx_word' id='word_1_161' title='bbox 1348 945 1415 1001; x_wconf 94' lang='lat' dir='ltr'><strong>libro</strong></span> <span class='ocrx_word' id='word_1_162' title='bbox 1433 964 1468 1009; x_wconf 86' lang='lat' dir='ltr'><strong>rr,</strong></span> <span class='ocrx_word' id='word_1_163' title='bbox 1481 949 1568 1014; x_wconf 88' lang='lat' dir='ltr'><strong>capite</strong></span> <span class='ocrx_word' id='word_1_164' title='bbox 1582 951 1616 1005; x_wconf 80' lang='lat'><strong>5.</strong></span> <span class='ocrx_word' id='word_1_165' title='bbox 1631 949 1708 1006; x_wconf 89' lang='lat' dir='ltr'><strong>Unde</strong></span> <span class='ocrx_word' id='word_1_166' title='bbox 1722 950 1764 1006; x_wconf 89' lang='lat' dir='ltr'><strong>in·</strong></span> 
     </span>
     <span class='ocr_line' id='line_1_23' title="bbox 974 1025 1765 1111; baseline 0.015 -26"><span class='ocrx_word' id='word_1_167' title='bbox 974 1033 1064 1086; x_wconf 90' lang='lat' dir='ltr'><strong>solens</strong></span> <span class='ocrx_word' id='word_1_168' title='bbox 1078 1036 1188 1090; x_wconf 76' lang='lat' dir='ltr'><strong>aimoino</strong></span> <span class='ocrx_word' id='word_1_169' title='bbox 1210 1037 1293 1091; x_wconf 85' lang='lat' dir='ltr'><strong>rideri</strong></span> <span class='ocrx_word' id='word_1_170' title='bbox 1322 1038 1403 1093; x_wconf 88' lang='lat' dir='ltr'><strong>debet</strong></span> <span class='ocrx_word' id='word_1_171' title='bbox 1428 1040 1499 1109; x_wconf 92' lang='lat' dir='ltr'><strong>quod</strong></span> <span class='ocrx_word' id='word_1_172' title='bbox 1522 1025 1593 1095; x_wconf 86' lang='lat' dir='ltr'><strong>idern</strong></span> <span class='ocrx_word' id='word_1_173' title='bbox 1619 1041 1765 1111; x_wconf 78' lang='lat' dir='ltr'><strong>Gregorius</strong></span> 
     </span>
     <span class='ocr_line' id='line_1_24' title="bbox 974 1123 1765 1204; baseline 0.016 -27"><span class='ocrx_word' id='word_1_174' title='bbox 974 1123 1056 1179; x_wconf 80' lang='lat' dir='ltr'><strong>refert</strong></span> <span class='ocrx_word' id='word_1_175' title='bbox 1069 1126 1102 1181; x_wconf 93' lang='lat' dir='ltr'><strong>de</strong></span> <span class='ocrx_word' id='word_1_176' title='bbox 1114 1125 1255 1181; x_wconf 86' lang='lat' dir='ltr'><strong>Tbeodoro</strong></span> <span class='ocrx_word' id='word_1_177' title='bbox 1267 1138 1294 1183; x_wconf 90' lang='lat' dir='ltr'><strong>et</strong></span> <span class='ocrx_word' id='word_1_178' title='bbox 1310 1130 1421 1184; x_wconf 76' lang='lat' dir='ltr'><strong>l‘roculn</strong></span> <span class='ocrx_word' id='word_1_179' title='bbox 1435 1131 1569 1202; x_wconf 88' lang='lat' dir='ltr'><strong>episcopis</strong></span> <span class='ocrx_word' id='word_1_180' title='bbox 1582 1133 1765 1204; x_wconf 83' lang='lat' dir='ltr'><strong>eburgondia</strong></span> 
     </span>
     <span class='ocr_line' id='line_1_25' title="bbox 973 1214 1765 1286; baseline 0.016 -19"><span class='ocrx_word' id='word_1_181' title='bbox 973 1214 1075 1285; x_wconf 89' lang='lat' dir='ltr'><strong>pulsis,</strong></span> <span class='ocrx_word' id='word_1_182' title='bbox 1098 1219 1142 1286; x_wconf 91' lang='lat' dir='ltr'><strong>qui</strong></span> <span class='ocrx_word' id='word_1_183' title='bbox 1164 1218 1314 1274; x_wconf 80' lang='lat' dir='ltr'><strong>Ecclesiam</strong></span> <span class='ocrx_word' id='word_1_184' title='bbox 1328 1219 1489 1275; x_wconf 86' lang='lat' dir='ltr'><strong>&#39;lurorricam</strong></span> <span class='ocrx_word' id='word_1_185' title='bbox 1504 1223 1584 1278; x_wconf 89' lang='lat' dir='ltr'><strong>simul</strong></span> <span class='ocrx_word' id='word_1_186' title='bbox 1606 1226 1708 1279; x_wconf 82' lang='lat' dir='ltr'><strong>rexisse</strong></span> <span class='ocrx_word' id='word_1_187' title='bbox 1723 1222 1765 1279; x_wconf 90' lang='lat' dir='ltr'><strong>di·</strong></span> 
     </span>
     <span class='ocr_line' id='line_1_26' title="bbox 973 1309 1763 1385; baseline 0.014 -25"><span class='ocrx_word' id='word_1_188' title='bbox 973 1318 1082 1371; x_wconf 88' lang='lat' dir='ltr'><strong>cuntur,</strong></span> <span class='ocrx_word' id='word_1_189' title='bbox 1100 1317 1159 1377; x_wconf 90' lang='lat' dir='ltr'><strong>post</strong></span> <span class='ocrx_word' id='word_1_190' title='bbox 1173 1309 1267 1364; x_wconf 85' lang='lat' dir='ltr'><strong>Licinii</strong></span> <span class='ocrx_word' id='word_1_191' title='bbox 1297 1320 1343 1364; x_wconf 91' lang='lat' dir='ltr'><strong>aut</strong></span> <span class='ocrx_word' id='word_1_192' title='bbox 1358 1311 1455 1367; x_wconf 85' lang='lat' dir='ltr'><strong>Leonis</strong></span> <span class='ocrx_word' id='word_1_193' title='bbox 1473 1312 1577 1368; x_wconf 89' lang='lat' dir='ltr'><strong>obitum</strong></span> <span class='ocrx_word' id='word_1_194' title='bbox 1595 1332 1601 1367; x_wconf 92' lang='lat'><strong>:</strong></span> <span class='ocrx_word' id='word_1_195' title='bbox 1617 1328 1700 1385; x_wconf 85' lang='lat' dir='ltr'><strong>quare</strong></span> <span class='ocrx_word' id='word_1_196' title='bbox 1715 1330 1763 1371; x_wconf 87' lang='lat' dir='ltr'><strong>cos</strong></span> 
     </span>
     <span class='ocr_line' id='line_1_27' title="bbox 974 1399 1764 1476; baseline 0.014 -25"><span class='ocrx_word' id='word_1_197' title='bbox 974 1399 1063 1467; x_wconf 90' lang='lat' dir='ltr'><strong>potius</strong></span> <span class='ocrx_word' id='word_1_198' title='bbox 1087 1400 1319 1457; x_wconf 71' lang='lat' dir='ltr'><strong>administratores</strong></span> <span class='ocrx_word' id='word_1_199' title='bbox 1341 1419 1422 1473; x_wconf 92' lang='lat' dir='ltr'><strong>quam</strong></span> <span class='ocrx_word' id='word_1_200' title='bbox 1454 1406 1595 1476; x_wconf 88' lang='lat' dir='ltr'><strong>episcopos</strong></span> <span class='ocrx_word' id='word_1_201' title='bbox 1615 1407 1764 1462; x_wconf 81' lang='lat' dir='ltr'><strong>Turonicos</strong></span> 
     </span>
     <span class='ocr_line' id='line_1_28' title="bbox 972 1489 1763 1568; baseline 0.015 -28"><span class='ocrx_word' id='word_1_202' title='bbox 972 1489 1147 1556; x_wconf 84' lang='lat' dir='ltr'><strong>appellandos</strong></span> <span class='ocrx_word' id='word_1_203' title='bbox 1171 1507 1233 1547; x_wconf 88' lang='lat' dir='ltr'><strong>esse</strong></span> <span class='ocrx_word' id='word_1_204' title='bbox 1266 1493 1426 1550; x_wconf 85' lang='lat' dir='ltr'><strong>existimem.</strong></span> <span class='ocrx_word' id='word_1_205' title='bbox 1453 1497 1649 1568; x_wconf 82' lang='lat' dir='ltr'><strong>Nonnunquam</strong></span> <span class='ocrx_word' id='word_1_206' title='bbox 1674 1507 1763 1554; x_wconf 72' lang='lat' dir='ltr'><strong>maten</strong></span> 
     </span>
     <span class='ocr_line' id='line_1_29' title="bbox 973 1576 1763 1656; baseline 0.023 -27"><span class='ocrx_word' id='word_1_207' title='bbox 973 1576 1104 1647; x_wconf 84' lang='lat' dir='ltr'><strong>episcopt,</strong></span> <span class='ocrx_word' id='word_1_208' title='bbox 1118 1581 1198 1635; x_wconf 85' lang='lat' dir='ltr'><strong>etiarn</strong></span> <span class='ocrx_word' id='word_1_209' title='bbox 1214 1582 1386 1652; x_wconf 75' lang='lat' dir='ltr'><strong>sanctissimi,</strong></span> <span class='ocrx_word' id='word_1_210' title='bbox 1399 1587 1543 1656; x_wconf 85' lang='lat' dir='ltr'><strong>aliqoente</strong></span> <span class='ocrx_word' id='word_1_211' title='bbox 1559 1605 1609 1644; x_wconf 90' lang='lat' dir='ltr'><strong>suo</strong></span> <span class='ocrx_word' id='word_1_212' title='bbox 1620 1592 1693 1646; x_wconf 88' lang='lat' dir='ltr'><strong>clero</strong></span> <span class='ocrx_word' id='word_1_213' title='bbox 1712 1591 1763 1648; x_wconf 88' lang='lat' dir='ltr'><strong>sibi</strong></span> 
     </span>
     <span class='ocr_line' id='line_1_30' title="bbox 973 1672 1762 1747; baseline 0.019 -25"><span class='ocrx_word' id='word_1_214' title='bbox 973 1683 1155 1726; x_wconf 88' lang='lat' dir='ltr'><strong>successorem</strong></span> <span class='ocrx_word' id='word_1_215' title='bbox 1175 1672 1368 1742; x_wconf 67' lang='lat' dir='ltr'><strong>designarunt,</strong></span> <span class='ocrx_word' id='word_1_216' title='bbox 1382 1693 1461 1747; x_wconf 88' lang='lat' dir='ltr'><strong>quern</strong></span> <span class='ocrx_word' id='word_1_217' title='bbox 1481 1677 1602 1735; x_wconf 85' lang='lat' dir='ltr'><strong>sciebant</strong></span> <span class='ocrx_word' id='word_1_218' title='bbox 1623 1683 1655 1736; x_wconf 89' lang='lat' dir='ltr'><strong>ad</strong></span> <span class='ocrx_word' id='word_1_219' title='bbox 1673 1682 1697 1736; x_wconf 92' lang='lat' dir='ltr'><strong>id</strong></span> <span class='ocrx_word' id='word_1_220' title='bbox 1713 1685 1762 1736; x_wconf 89' lang='lat' dir='ltr'><strong>rni-</strong></span> 
     </span>
    </p>
   </div>
   <div class='ocr_carea' id='block_1_4' title="bbox 123 1764 1761 1845">
    <p class='ocr_par' dir='ltr' id='par_1_4' title="bbox 123 1764 1761 1845">
     <span class='ocr_line' id='line_1_31' title="bbox 123 1764 1761 1845; baseline 0.011 -18"><span class='ocrx_word' id='word_1_221' title='bbox 123 1782 209 1828; x_wconf 77' lang='lat' dir='ltr'><strong>nenn.</strong></span> <span class='ocrx_word' id='word_1_222' title='bbox 224 1772 330 1827; x_wconf 73' lang='lat' dir='ltr'><strong>actiae</strong></span> <span class='ocrx_word' id='word_1_223' title='bbox 345 1788 412 1827; x_wconf 76' lang='lat' dir='ltr'><strong>nova</strong></span> <span class='ocrx_word' id='word_1_224' title='bbox 425 1773 591 1828; x_wconf 77' lang='lat' dir='ltr'><strong>coronando</strong></span> <span class='ocrx_word' id='word_1_225' title='bbox 602 1773 743 1828; x_wconf 77' lang='lat' dir='ltr'><strong>notrorum</strong></span> <span class='ocrx_word' id='word_1_226' title='bbox 756 1773 783 1827; x_wconf 81' lang='lat' dir='ltr'><strong>tn</strong></span> <span class='ocrx_word' id='word_1_227' title='bbox 798 1773 919 1829; x_wconf 75' lang='lat' dir='ltr'><strong>sectans</strong></span> <span class='ocrx_word' id='word_1_228' title='bbox 939 1779 958 1835; x_wconf 84' lang='lat' dir='ltr'><strong>b</strong></span> <span class='ocrx_word' id='word_1_229' title='bbox 975 1764 1112 1820; x_wconf 73' lang='lat' dir='ltr'><strong>ursanum</strong></span> <span class='ocrx_word' id='word_1_230' title='bbox 1128 1782 1182 1836; x_wconf 77' lang='lat' dir='ltr'><strong>utae</strong></span> <span class='ocrx_word' id='word_1_231' title='bbox 1202 1770 1310 1824; x_wconf 69' lang='lat' dir='ltr'><strong>esteris</strong></span> <span class='ocrx_word' id='word_1_232' title='bbox 1324 1770 1448 1828; x_wconf 82' lang='lat' dir='ltr'><strong>idoneum</strong></span> <span class='ocrx_word' id='word_1_233' title='bbox 1462 1790 1532 1832; x_wconf 78' lang='lat' dir='ltr'><strong>esse.</strong></span> <span class='ocrx_word' id='word_1_234' title='bbox 1557 1776 1594 1831; x_wconf 79' lang='lat' dir='ltr'><strong>ua</strong></span> <span class='ocrx_word' id='word_1_235' title='bbox 1618 1779 1761 1845; x_wconf 67' lang='lat' dir='ltr'><strong>Sacerdos.</strong></span> 
     </span>
    </p>
   </div>
   <div class='ocr_carea' id='block_1_5' title="bbox 122 1861 922 3128">
    <p class='ocr_par' dir='ltr' id='par_1_5' title="bbox 122 1861 922 3128">
     <span class='ocr_line' id='line_1_32' title="bbox 124 1861 918 1932; baseline 0.004 -16"><span class='ocrx_word' id='word_1_236' title='bbox 124 1861 918 1932; x_wconf 84' lang='lat' dir='ltr'><strong>malorumocoasioluit,larendoambitiosoromconatibus,</strong></span> 
     </span>
     <span class='ocr_line' id='line_1_33' title="bbox 127 1955 922 2027; baseline 0.004 -19"><span class='ocrx_word' id='word_1_237' title='bbox 127 1955 248 2010; x_wconf 79' lang='lat' dir='ltr'><strong>maxime</strong></span> <span class='ocrx_word' id='word_1_238' title='bbox 263 1955 419 2010; x_wconf 85' lang='lat' dir='ltr'><strong>olllcialium</strong></span> <span class='ocrx_word' id='word_1_239' title='bbox 431 1958 582 2026; x_wconf 85' lang='lat' dir='ltr'><strong>regiorum,</strong></span> <span class='ocrx_word' id='word_1_240' title='bbox 600 1959 644 2027; x_wconf 91' lang='lat' dir='ltr'><strong>qui</strong></span> <span class='ocrx_word' id='word_1_241' title='bbox 661 1965 752 2025; x_wconf 78' lang='lat' dir='ltr'><strong>postca</strong></span> <span class='ocrx_word' id='word_1_242' title='bbox 771 1958 922 2025; x_wconf 87' lang='lat' dir='ltr'><strong>pinguiores</strong></span> 
     </span>
     <span class='ocr_line' id='line_1_34' title="bbox 122 2047 920 2117; baseline -0.004 -15"><span class='ocrx_word' id='word_1_243' title='bbox 122 2047 292 2117; x_wconf 85' lang='lat' dir='ltr'><strong>episcopatus</strong></span> <span class='ocrx_word' id='word_1_244' title='bbox 305 2050 429 2117; x_wconf 83' lang='lat' dir='ltr'><strong>arrotrpati</strong></span> <span class='ocrx_word' id='word_1_245' title='bbox 440 2057 504 2105; x_wconf 81' lang='lat' dir='ltr'><strong>stant</strong></span> <span class='ocrx_word' id='word_1_246' title='bbox 516 2066 522 2103; x_wconf 73' lang='grc' dir='ltr'>ι</span> <span class='ocrx_word' id='word_1_247' title='bbox 534 2056 562 2104; x_wconf 87' lang='grc' dir='ltr'>ει</span> <span class='ocrx_word' id='word_1_248' title='bbox 571 2049 661 2104; x_wconf 88' lang='lat' dir='ltr'><strong>statim</strong></span> <span class='ocrx_word' id='word_1_249' title='bbox 672 2063 704 2102; x_wconf 89' lang='lat' dir='ltr'><strong>et</strong></span> <span class='ocrx_word' id='word_1_250' title='bbox 717 2048 792 2102; x_wconf 87' lang='lat' dir='ltr'><strong>iaicis</strong></span> <span class='ocrx_word' id='word_1_251' title='bbox 802 2047 920 2116; x_wconf 73' lang='lat' dir='ltr'><strong>episcopi</strong></span> 
     </span>
     <span class='ocr_line' id='line_1_35' title="bbox 124 2130 922 2197; baseline -0.001 -4"><span class='ocrx_word' id='word_1_252' title='bbox 124 2138 197 2197; x_wconf 83' lang='lat' dir='ltr'><strong>lacti,</strong></span> <span class='ocrx_word' id='word_1_253' title='bbox 212 2139 337 2193; x_wconf 76' lang='lat' dir='ltr'><strong>Ecclesia</strong></span> <span class='ocrx_word' id='word_1_254' title='bbox 349 2138 493 2193; x_wconf 79' lang='lat' dir='ltr'><strong>Gallicanae</strong></span> <span class='ocrx_word' id='word_1_255' title='bbox 504 2130 673 2193; x_wconf 81' lang='lat' dir='ltr'><strong>sanctitatem</strong></span> <span class='ocrx_word' id='word_1_256' title='bbox 685 2154 738 2193; x_wconf 93' lang='lat' dir='ltr'><strong>non</strong></span> <span class='ocrx_word' id='word_1_257' title='bbox 750 2139 922 2192; x_wconf 85' lang='lat' dir='ltr'><strong>mediocriter</strong></span> 
     </span>
     <span class='ocr_line' id='line_1_36' title="bbox 123 2229 918 2299; baseline -0.005 -13"><span class='ocrx_word' id='word_1_258' title='bbox 123 2231 326 2286; x_wconf 86' lang='lat' dir='ltr'><strong>imminuerunt.</strong></span> <span class='ocrx_word' id='word_1_259' title='bbox 351 2231 402 2286; x_wconf 79' lang='lat' dir='ltr'><strong>atti</strong></span> <span class='ocrx_word' id='word_1_260' title='bbox 423 2245 488 2286; x_wconf 80' lang='lat' dir='ltr'><strong>sero</strong></span> <span class='ocrx_word' id='word_1_261' title='bbox 504 2233 616 2299; x_wconf 89' lang='lat' dir='ltr'><strong>pecunia</strong></span> <span class='ocrx_word' id='word_1_262' title='bbox 637 2240 665 2285; x_wconf 86' lang='lat' dir='ltr'><strong>et</strong></span> <span class='ocrx_word' id='word_1_263' title='bbox 688 2230 857 2295; x_wconf 88' lang='lat' dir='ltr'><strong>muneribus,</strong></span> <span class='ocrx_word' id='word_1_264' title='bbox 873 2229 918 2283; x_wconf 90' lang='lat' dir='ltr'><strong>alii</strong></span> 
     </span>
     <span class='ocr_line' id='line_1_37' title="bbox 123 2306 922 2391; baseline 0 -17"><span class='ocrx_word' id='word_1_265' title='bbox 123 2321 332 2387; x_wconf 82' lang='lat' dir='ltr'><strong>adtdationibus,</strong></span> <span class='ocrx_word' id='word_1_266' title='bbox 349 2329 396 2376; x_wconf 90' lang='lat' dir='ltr'><strong>aut</strong></span> <span class='ocrx_word' id='word_1_267' title='bbox 418 2306 603 2377; x_wconf 79' lang='lat' dir='ltr'><strong>ministrorum</strong></span> <span class='ocrx_word' id='word_1_268' title='bbox 626 2321 760 2391; x_wconf 89' lang='lat' dir='ltr'><strong>regiorum</strong></span> <span class='ocrx_word' id='word_1_269' title='bbox 774 2336 842 2391; x_wconf 87' lang='lat' dir='ltr'><strong>quos</strong></span> <span class='ocrx_word' id='word_1_270' title='bbox 862 2337 922 2375; x_wconf 64' lang='lat' dir='ltr'><strong>cors</strong></span> 
     </span>
     <span class='ocr_line' id='line_1_38' title="bbox 123 2414 920 2486; baseline -0.001 -19"><span class='ocrx_word' id='word_1_271' title='bbox 123 2422 254 2481; x_wconf 87' lang='lat' dir='ltr'><strong>ruperant</strong></span> <span class='ocrx_word' id='word_1_272' title='bbox 264 2414 370 2479; x_wconf 81' lang='lat' dir='ltr'><strong>olllcis,</strong></span> <span class='ocrx_word' id='word_1_273' title='bbox 381 2424 506 2486; x_wconf 78' lang='lat' dir='ltr'><strong>precepto</strong></span> <span class='ocrx_word' id='word_1_274' title='bbox 518 2431 608 2486; x_wconf 89' lang='lat' dir='ltr'><strong>regum</strong></span> <span class='ocrx_word' id='word_1_275' title='bbox 620 2417 720 2484; x_wconf 87' lang='lat' dir='ltr'><strong>adepti,</strong></span> <span class='ocrx_word' id='word_1_276' title='bbox 729 2416 920 2484; x_wconf 69' lang='lat' dir='ltr'><strong>simoniacam,</strong></span> 
     </span>
     <span class='ocr_line' id='line_1_39' title="bbox 124 2505 922 2577; baseline 0.004 -19"><span class='ocrx_word' id='word_1_277' title='bbox 124 2505 313 2571; x_wconf 83' lang='lat' dir='ltr'><strong>otvocabant,</strong></span> <span class='ocrx_word' id='word_1_278' title='bbox 333 2507 456 2560; x_wconf 81' lang='lat' dir='ltr'><strong>baresiur</strong></span> <span class='ocrx_word' id='word_1_279' title='bbox 477 2508 665 2574; x_wconf 81' lang='lat' dir='ltr'><strong>introduxere;</strong></span> <span class='ocrx_word' id='word_1_280' title='bbox 688 2510 801 2577; x_wconf 85' lang='lat' dir='ltr'><strong>indeque</strong></span> <span class='ocrx_word' id='word_1_281' title='bbox 822 2518 862 2562; x_wconf 92' lang='lat' dir='ltr'><strong>tot</strong></span> <span class='ocrx_word' id='word_1_282' title='bbox 877 2523 922 2562; x_wconf 87' lang='lat' dir='ltr'><strong>ca·</strong></span> 
     </span>
     <span class='ocr_line' id='line_1_40' title="bbox 124 2598 922 2672; baseline 0.008 -22"><span class='ocrx_word' id='word_1_283' title='bbox 124 2611 210 2652; x_wconf 90' lang='lat' dir='ltr'><strong>nones</strong></span> <span class='ocrx_word' id='word_1_284' title='bbox 224 2598 352 2652; x_wconf 83' lang='lat' dir='ltr'><strong>adversus</strong></span> <span class='ocrx_word' id='word_1_285' title='bbox 367 2599 519 2670; x_wconf 79' lang='lat' dir='ltr'><strong>neophytos</strong></span> <span class='ocrx_word' id='word_1_286' title='bbox 533 2611 560 2655; x_wconf 95' lang='lat' dir='ltr'><strong>et</strong></span> <span class='ocrx_word' id='word_1_287' title='bbox 570 2599 738 2657; x_wconf 81' lang='lat' dir='ltr'><strong>simoniacos</strong></span> <span class='ocrx_word' id='word_1_288' title='bbox 753 2601 806 2656; x_wconf 90' lang='lat' dir='ltr'><strong>illis</strong></span> <span class='ocrx_word' id='word_1_289' title='bbox 819 2612 922 2672; x_wconf 91' lang='lat' dir='ltr'><strong>tempo·</strong></span> 
     </span>
     <span class='ocr_line' id='line_1_41' title="bbox 126 2674 921 2761; baseline 0.006 -20"><span class='ocrx_word' id='word_1_290' title='bbox 126 2686 200 2741; x_wconf 91' lang='lat' dir='ltr'><strong>ribus</strong></span> <span class='ocrx_word' id='word_1_291' title='bbox 216 2689 241 2742; x_wconf 91' lang='lat' dir='ltr'><strong>in</strong></span> <span class='ocrx_word' id='word_1_292' title='bbox 254 2687 398 2744; x_wconf 77' lang='lat' dir='ltr'><strong>Gallicanis</strong></span> <span class='ocrx_word' id='word_1_293' title='bbox 412 2690 534 2744; x_wconf 89' lang='lat' dir='ltr'><strong>conciliis</strong></span> <span class='ocrx_word' id='word_1_294' title='bbox 547 2691 809 2761; x_wconf 76' lang='lat' dir='ltr'><strong>eorrdtrosteginos,</strong></span> <span class='ocrx_word' id='word_1_295' title='bbox 824 2692 869 2761; x_wconf 88' lang='lat' dir='ltr'><strong>qoi</strong></span> <span class='ocrx_word' id='word_1_296' title='bbox 881 2674 921 2746; x_wconf 82' lang='lat' dir='ltr'><strong>ta·</strong></span> 
     </span>
     <span class='ocr_line' id='line_1_42' title="bbox 124 2782 919 2852; baseline 0.009 -20"><span class='ocrx_word' id='word_1_297' title='bbox 124 2795 186 2833; x_wconf 85' lang='lat' dir='ltr'><strong>mon</strong></span> <span class='ocrx_word' id='word_1_298' title='bbox 212 2795 357 2850; x_wconf 82' lang='lat' dir='ltr'><strong>utinquam,</strong></span> <span class='ocrx_word' id='word_1_299' title='bbox 391 2782 460 2837; x_wconf 89' lang='lat' dir='ltr'><strong>sicut</strong></span> <span class='ocrx_word' id='word_1_300' title='bbox 485 2798 536 2837; x_wconf 89' lang='lat' dir='ltr'><strong>nae</strong></span> <span class='ocrx_word' id='word_1_301' title='bbox 551 2782 732 2838; x_wconf 84' lang='lat' dir='ltr'><strong>liomanorom</strong></span> <span class='ocrx_word' id='word_1_302' title='bbox 753 2783 919 2852; x_wconf 85' lang='lat' dir='ltr'><strong>pontillcuut,</strong></span> 
     </span>
     <span class='ocr_line' id='line_1_43' title="bbox 124 2872 920 2944; baseline 0.01 -19"><span class='ocrx_word' id='word_1_303' title='bbox 124 2878 152 2925; x_wconf 86' lang='lat' dir='ltr'><strong>et</strong></span> <span class='ocrx_word' id='word_1_304' title='bbox 166 2872 330 2937; x_wconf 67' lang='lat' dir='ltr'><strong>potissmium</strong></span> <span class='ocrx_word' id='word_1_305' title='bbox 347 2872 467 2943; x_wconf 76' lang='lat' dir='ltr'><strong>Gregorii</strong></span> <span class='ocrx_word' id='word_1_306' title='bbox 484 2874 579 2942; x_wconf 81' lang='lat' dir='ltr'><strong>Magni,</strong></span> <span class='ocrx_word' id='word_1_307' title='bbox 597 2875 728 2944; x_wconf 74' lang='lat' dir='ltr'><strong>epistolae,</strong></span> <span class='ocrx_word' id='word_1_308' title='bbox 743 2885 796 2930; x_wconf 88' lang='lat' dir='ltr'><strong>tam</strong></span> <span class='ocrx_word' id='word_1_309' title='bbox 810 2877 920 2933; x_wconf 78' lang='lat' dir='ltr'><strong>nelarie</strong></span> 
     </span>
     <span class='ocr_line' id='line_1_44' title="bbox 125 2963 921 3040; baseline 0.013 -25"><span class='ocrx_word' id='word_1_310' title='bbox 125 2963 193 3032; x_wconf 87' lang='lat' dir='ltr'><strong>pesti</strong></span> <span class='ocrx_word' id='word_1_311' title='bbox 208 2965 374 3020; x_wconf 78' lang='lat' dir='ltr'><strong>eradicanda</strong></span> <span class='ocrx_word' id='word_1_312' title='bbox 388 2981 467 3038; x_wconf 86' lang='lat' dir='ltr'><strong>pares</strong></span> <span class='ocrx_word' id='word_1_313' title='bbox 482 2966 567 3023; x_wconf 82' lang='lat' dir='ltr'><strong>lutere.</strong></span> <span class='ocrx_word' id='word_1_314' title='bbox 578 2967 678 3023; x_wconf 84' lang='lat' dir='ltr'><strong>Omitto</strong></span> <span class='ocrx_word' id='word_1_315' title='bbox 693 2967 835 3038; x_wconf 88' lang='lat' dir='ltr'><strong>singularia</strong></span> <span class='ocrx_word' id='word_1_316' title='bbox 848 2985 921 3040; x_wconf 84' lang='lat' dir='ltr'><strong>quae·</strong></span> 
     </span>
     <span class='ocr_line' id='line_1_45' title="bbox 126 3053 918 3128; baseline 0.009 -20"><span class='ocrx_word' id='word_1_317' title='bbox 126 3053 187 3108; x_wconf 87' lang='lat' dir='ltr'><strong>tlaut</strong></span> <span class='ocrx_word' id='word_1_318' title='bbox 202 3057 334 3122; x_wconf 81' lang='lat' dir='ltr'><strong>exempla,</strong></span> <span class='ocrx_word' id='word_1_319' title='bbox 349 3073 409 3126; x_wconf 76' lang='lat' dir='ltr'><strong>quro</strong></span> <span class='ocrx_word' id='word_1_320' title='bbox 424 3074 484 3111; x_wconf 87' lang='lat' dir='ltr'><strong>cum</strong></span> <span class='ocrx_word' id='word_1_321' title='bbox 505 3059 603 3128; x_wconf 83' lang='lat' dir='ltr'><strong>regulis</strong></span> <span class='ocrx_word' id='word_1_322' title='bbox 616 3062 751 3115; x_wconf 87' lang='lat' dir='ltr'><strong>contraria</strong></span> <span class='ocrx_word' id='word_1_323' title='bbox 767 3061 876 3126; x_wconf 88' lang='lat' dir='ltr'><strong>luerint,</strong></span> <span class='ocrx_word' id='word_1_324' title='bbox 892 3060 918 3116; x_wconf 91' lang='lat' dir='ltr'><strong>in</strong></span> 
     </span>
    </p>
   </div>
   <div class='ocr_carea' id='block_1_6' title="bbox 971 1855 1762 3032">
    <p class='ocr_par' dir='ltr' id='par_1_6' title="bbox 971 1855 1762 3032">
     <span class='ocr_line' id='line_1_46' title="bbox 975 1855 1762 1938; baseline 0.022 -29"><span class='ocrx_word' id='word_1_325' title='bbox 975 1855 1159 1926; x_wconf 80' lang='lat' dir='ltr'><strong>Lugdunensis</strong></span> <span class='ocrx_word' id='word_1_326' title='bbox 1182 1864 1310 1928; x_wconf 89' lang='lat' dir='ltr'><strong>antistes,</strong></span> <span class='ocrx_word' id='word_1_327' title='bbox 1327 1865 1406 1921; x_wconf 86' lang='lat' dir='ltr'><strong>morti</strong></span> <span class='ocrx_word' id='word_1_328' title='bbox 1422 1872 1581 1938; x_wconf 82' lang='lat' dir='ltr'><strong>proximus,</strong></span> <span class='ocrx_word' id='word_1_329' title='bbox 1602 1870 1762 1926; x_wconf 86' lang='lat' dir='ltr'><strong>Gbildebor·</strong></span> 
     </span>
     <span class='ocr_line' id='line_1_47' title="bbox 973 1958 1761 2026; baseline 0.027 -27"><span class='ocrx_word' id='word_1_330' title='bbox 973 1958 1028 2002; x_wconf 82' lang='lat' dir='ltr'><strong>torn</strong></span> <span class='ocrx_word' id='word_1_331' title='bbox 1045 1965 1135 2020; x_wconf 88' lang='lat' dir='ltr'><strong>regem</strong></span> <span class='ocrx_word' id='word_1_332' title='bbox 1152 1965 1318 2011; x_wconf 89' lang='lat' dir='ltr'><strong>contestatus</strong></span> <span class='ocrx_word' id='word_1_333' title='bbox 1332 1968 1385 2026; x_wconf 85' lang='lat' dir='ltr'><strong>est,</strong></span> <span class='ocrx_word' id='word_1_334' title='bbox 1401 1970 1431 2015; x_wconf 93' lang='lat' dir='ltr'><strong>ut</strong></span> <span class='ocrx_word' id='word_1_335' title='bbox 1442 1960 1575 2015; x_wconf 85' lang='lat' dir='ltr'><strong>Nicetium</strong></span> <span class='ocrx_word' id='word_1_336' title='bbox 1588 1962 1639 2016; x_wconf 87' lang='lat' dir='ltr'><strong>sibi</strong></span> <span class='ocrx_word' id='word_1_337' title='bbox 1655 1964 1761 2020; x_wconf 86' lang='lat' dir='ltr'><strong>insede</strong></span> 
     </span>
     <span class='ocr_line' id='line_1_48' title="bbox 974 2037 1760 2109; baseline 0.024 -19"><span class='ocrx_word' id='word_1_338' title='bbox 974 2037 1145 2105; x_wconf 82' lang='lat' dir='ltr'><strong>bugduueusi</strong></span> <span class='ocrx_word' id='word_1_339' title='bbox 1161 2043 1284 2097; x_wconf 87' lang='lat' dir='ltr'><strong>substitui</strong></span> <span class='ocrx_word' id='word_1_340' title='bbox 1304 2058 1420 2104; x_wconf 85' lang='lat' dir='ltr'><strong>curaret.</strong></span> <span class='ocrx_word' id='word_1_341' title='bbox 1444 2050 1567 2105; x_wconf 88' lang='lat' dir='ltr'><strong>llaurilio</strong></span> <span class='ocrx_word' id='word_1_342' title='bbox 1591 2052 1760 2109; x_wconf 81' lang='lat' dir='ltr'><strong>Caturceuait</strong></span> 
     </span>
     <span class='ocr_line' id='line_1_49' title="bbox 972 2125 1761 2214; baseline 0.028 -36"><span class='ocrx_word' id='word_1_343' title='bbox 972 2125 1114 2197; x_wconf 87' lang='lat' dir='ltr'><strong>episcopus</strong></span> <span class='ocrx_word' id='word_1_344' title='bbox 1129 2131 1244 2203; x_wconf 89' lang='lat' dir='ltr'><strong>podagra</strong></span> <span class='ocrx_word' id='word_1_345' title='bbox 1264 2133 1396 2202; x_wconf 88' lang='lat' dir='ltr'><strong>alllictus,</strong></span> <span class='ocrx_word' id='word_1_346' title='bbox 1411 2141 1564 2208; x_wconf 86' lang='lat' dir='ltr'><strong>praerideos</strong></span> <span class='ocrx_word' id='word_1_347' title='bbox 1585 2141 1686 2199; x_wconf 86' lang='lat' dir='ltr'><strong>laturas</strong></span> <span class='ocrx_word' id='word_1_348' title='bbox 1701 2160 1761 2214; x_wconf 87' lang='lat' dir='ltr'><strong>gra·</strong></span> 
     </span>
     <span class='ocr_line' id='line_1_50' title="bbox 973 2218 1761 2300; baseline 0.027 -31"><span class='ocrx_word' id='word_1_349' title='bbox 973 2232 1020 2272; x_wconf 83' lang='lat' dir='ltr'><strong>ros</strong></span> <span class='ocrx_word' id='word_1_350' title='bbox 1034 2218 1106 2273; x_wconf 90' lang='lat' dir='ltr'><strong>circa</strong></span> <span class='ocrx_word' id='word_1_351' title='bbox 1127 2235 1205 2275; x_wconf 90' lang='lat' dir='ltr'><strong>soom</strong></span> <span class='ocrx_word' id='word_1_352' title='bbox 1227 2237 1411 2283; x_wconf 85' lang='lat' dir='ltr'><strong>successorem</strong></span> <span class='ocrx_word' id='word_1_353' title='bbox 1435 2233 1639 2300; x_wconf 86' lang='lat' dir='ltr'><strong>contentiones,</strong></span> <span class='ocrx_word' id='word_1_354' title='bbox 1664 2243 1692 2288; x_wconf 94' lang='grc' dir='ltr'><strong>ιιι</strong></span> <span class='ocrx_word' id='word_1_355' title='bbox 1709 2235 1761 2290; x_wconf 88' lang='lat' dir='ltr'><strong>sibi</strong></span> 
     </span>
     <span class='ocr_line' id='line_1_51' title="bbox 972 2311 1760 2391; baseline 0.023 -28"><span class='ocrx_word' id='word_1_356' title='bbox 972 2311 1052 2364; x_wconf 90' lang='lat' dir='ltr'><strong>etiarn</strong></span> <span class='ocrx_word' id='word_1_357' title='bbox 1078 2313 1177 2368; x_wconf 84' lang='lat' dir='ltr'><strong>virenti</strong></span> <span class='ocrx_word' id='word_1_358' title='bbox 1207 2315 1345 2374; x_wconf 89' lang='lat' dir='ltr'><strong>Ursicinus</strong></span> <span class='ocrx_word' id='word_1_359' title='bbox 1382 2322 1601 2391; x_wconf 84' lang='lat' dir='ltr'><strong>substitueretur,</strong></span> <span class='ocrx_word' id='word_1_360' title='bbox 1628 2329 1760 2383; x_wconf 82' lang='lat' dir='ltr'><strong>exoravit.</strong></span> 
     </span>
     <span class='ocr_line' id='line_1_52' title="bbox 973 2401 1761 2490; baseline 0.025 -35"><span class='ocrx_word' id='word_1_361' title='bbox 973 2401 1045 2457; x_wconf 81' lang='lat' dir='ltr'><strong>tum</strong></span> <span class='ocrx_word' id='word_1_362' title='bbox 1061 2402 1175 2474; x_wconf 87' lang='lat' dir='ltr'><strong>lecerat,</strong></span> <span class='ocrx_word' id='word_1_363' title='bbox 1192 2417 1222 2463; x_wconf 89' lang='lat' dir='ltr'><strong>ut</strong></span> <span class='ocrx_word' id='word_1_364' title='bbox 1237 2426 1298 2466; x_wconf 86' lang='lat' dir='ltr'><strong>mor</strong></span> <span class='ocrx_word' id='word_1_365' title='bbox 1324 2413 1498 2483; x_wconf 84' lang='lat' dir='ltr'><strong>dicebamus,</strong></span> <span class='ocrx_word' id='word_1_366' title='bbox 1521 2416 1595 2473; x_wconf 78' lang='lat' dir='ltr'><strong>Felix</strong></span> <span class='ocrx_word' id='word_1_367' title='bbox 1619 2419 1761 2490; x_wconf 89' lang='lat' dir='ltr'><strong>episcopus</strong></span> 
     </span>
     <span class='ocr_line' id='line_1_53' title="bbox 972 2493 1758 2582; baseline 0.029 -37"><span class='ocrx_word' id='word_1_368' title='bbox 972 2493 1169 2565; x_wconf 86' lang='lat' dir='ltr'><strong>Namnetensis,</strong></span> <span class='ocrx_word' id='word_1_369' title='bbox 1185 2502 1312 2557; x_wconf 88' lang='lat' dir='ltr'><strong>conlecto</strong></span> <span class='ocrx_word' id='word_1_370' title='bbox 1324 2518 1355 2559; x_wconf 91' lang='lat' dir='ltr'><strong>ea</strong></span> <span class='ocrx_word' id='word_1_371' title='bbox 1374 2505 1408 2561; x_wconf 92' lang='lat' dir='ltr'><strong>de</strong></span> <span class='ocrx_word' id='word_1_372' title='bbox 1430 2523 1461 2562; x_wconf 94' lang='lat' dir='ltr'><strong>re</strong></span> <span class='ocrx_word' id='word_1_373' title='bbox 1486 2509 1672 2575; x_wconf 84' lang='lat' dir='ltr'><strong>instrumento,</strong></span> <span class='ocrx_word' id='word_1_374' title='bbox 1688 2513 1758 2582; x_wconf 87' lang='lat' dir='ltr'><strong>qood</strong></span> 
     </span>
     <span class='ocr_line' id='line_1_54' title="bbox 972 2584 1761 2669; baseline 0.024 -31"><span class='ocrx_word' id='word_1_375' title='bbox 972 2584 1238 2649; x_wconf 85' lang='lat' dir='ltr'><strong>corrrprorincialium</strong></span> <span class='ocrx_word' id='word_1_376' title='bbox 1257 2591 1445 2664; x_wconf 86' lang='lat' dir='ltr'><strong>episcoporum</strong></span> <span class='ocrx_word' id='word_1_377' title='bbox 1466 2599 1761 2669; x_wconf 87' lang='lat' dir='ltr'><strong>subscriptionibosrn·</strong></span> 
     </span>
     <span class='ocr_line' id='line_1_55' title="bbox 972 2678 1759 2766; baseline 0.028 -35"><span class='ocrx_word' id='word_1_378' title='bbox 972 2678 1061 2734; x_wconf 89' lang='lat' dir='ltr'><strong>borari</strong></span> <span class='ocrx_word' id='word_1_379' title='bbox 1075 2695 1226 2740; x_wconf 75' lang='lat' dir='ltr'><strong>curaverat.</strong></span> <span class='ocrx_word' id='word_1_380' title='bbox 1241 2684 1482 2761; x_wconf 74' lang='lat' dir='ltr'><strong>eborepbooporn,</strong></span> <span class='ocrx_word' id='word_1_381' title='bbox 1498 2710 1532 2750; x_wconf 90' lang='lat' dir='ltr'><strong>ne</strong></span> <span class='ocrx_word' id='word_1_382' title='bbox 1546 2710 1627 2750; x_wconf 92' lang='lat' dir='ltr'><strong>ouum</strong></span> <span class='ocrx_word' id='word_1_383' title='bbox 1639 2697 1759 2766; x_wconf 90' lang='lat' dir='ltr'><strong>quidem,</strong></span> 
     </span>
     <span class='ocr_line' id='line_1_56' title="bbox 972 2776 1760 2860; baseline 0.025 -35"><span class='ocrx_word' id='word_1_384' title='bbox 972 2785 1102 2829; x_wconf 90' lang='lat' dir='ltr'><strong>memorat</strong></span> <span class='ocrx_word' id='word_1_385' title='bbox 1117 2776 1279 2847; x_wconf 90' lang='lat' dir='ltr'><strong>Gregorius,</strong></span> <span class='ocrx_word' id='word_1_386' title='bbox 1295 2784 1347 2838; x_wconf 89' lang='lat' dir='ltr'><strong>nisi</strong></span> <span class='ocrx_word' id='word_1_387' title='bbox 1367 2783 1405 2840; x_wconf 87' lang='lat' dir='ltr'><strong>illi</strong></span> <span class='ocrx_word' id='word_1_388' title='bbox 1430 2801 1464 2840; x_wconf 91' lang='lat' dir='ltr'><strong>eo</strong></span> <span class='ocrx_word' id='word_1_389' title='bbox 1488 2789 1595 2844; x_wconf 91' lang='lat' dir='ltr'><strong>nomine</strong></span> <span class='ocrx_word' id='word_1_390' title='bbox 1617 2789 1760 2860; x_wconf 88' lang='lat' dir='ltr'><strong>donentur,</strong></span> 
     </span>
     <span class='ocr_line' id='line_1_57' title="bbox 971 2862 1759 2939; baseline 0.024 -23"><span class='ocrx_word' id='word_1_391' title='bbox 971 2862 1026 2932; x_wconf 90' lang='lat' dir='ltr'><strong>qui,</strong></span> <span class='ocrx_word' id='word_1_392' title='bbox 1043 2877 1070 2919; x_wconf 93' lang='lat' dir='ltr'><strong>ut</strong></span> <span class='ocrx_word' id='word_1_393' title='bbox 1085 2882 1149 2921; x_wconf 84' lang='lat' dir='ltr'><strong>mox</strong></span> <span class='ocrx_word' id='word_1_394' title='bbox 1163 2868 1335 2939; x_wconf 85' lang='lat' dir='ltr'><strong>dicebamus,</strong></span> <span class='ocrx_word' id='word_1_395' title='bbox 1356 2875 1382 2928; x_wconf 91' lang='lat' dir='ltr'><strong>iu</strong></span> <span class='ocrx_word' id='word_1_396' title='bbox 1398 2877 1494 2931; x_wconf 89' lang='lat' dir='ltr'><strong>castris</strong></span> <span class='ocrx_word' id='word_1_397' title='bbox 1508 2878 1623 2934; x_wconf 88' lang='lat' dir='ltr'><strong>ordinati</strong></span> <span class='ocrx_word' id='word_1_398' title='bbox 1643 2880 1759 2935; x_wconf 90' lang='lat' dir='ltr'><strong>lueraut.</strong></span> 
     </span>
     <span class='ocr_line' id='line_1_58' title="bbox 971 2952 1760 3032; baseline 0.023 -24"><span class='ocrx_word' id='word_1_399' title='bbox 971 2952 1037 3010; x_wconf 89' lang='lat' dir='ltr'><strong>Nam</strong></span> <span class='ocrx_word' id='word_1_400' title='bbox 1046 2956 1760 3032; x_wconf 71' lang='lat' dir='ltr'><strong>Mundericus,quentiuraslruToruodorensisedisse</strong></span> 
     </span>
    </p>
   </div>
   <div class='ocr_carea' id='block_1_7' title="bbox 972 3045 1761 3129">
    <p class='ocr_par' dir='ltr' id='par_1_7' title="bbox 972 3045 1761 3129">
     <span class='ocr_line' id='line_1_59' title="bbox 972 3045 1761 3129; baseline 0.025 -31"><span class='ocrx_word' id='word_1_401' title='bbox 972 3045 1101 3114; x_wconf 82' lang='lat' dir='ltr'><strong>diximus,</strong></span> <span class='ocrx_word' id='word_1_402' title='bbox 1114 3065 1145 3105; x_wconf 90' lang='lat' dir='ltr'><strong>ea</strong></span> <span class='ocrx_word' id='word_1_403' title='bbox 1157 3055 1256 3121; x_wconf 87' lang='lat' dir='ltr'><strong>speeie,</strong></span> <span class='ocrx_word' id='word_1_404' title='bbox 1272 3055 1352 3126; x_wconf 91' lang='lat' dir='ltr'><strong>inquit</strong></span> <span class='ocrx_word' id='word_1_405' title='bbox 1365 3055 1721 3129; x_wconf 81' lang='lat' dir='ltr'><strong>Gregorius,ordinatorest,</strong></span> <span class='ocrx_word' id='word_1_406' title='bbox 1731 3072 1761 3118; x_wconf 94' lang='grc' dir='ltr'><strong>ιιι</strong></span> 
     </span>
    </p>
   </div>
   <div class='ocr_carea' id='block_1_8' title="bbox 126 3135 1761 3223">
    <p class='ocr_par' dir='ltr' id='par_1_8' title="bbox 126 3135 1761 3223">
     <span class='ocr_line' id='line_1_60' title="bbox 126 3135 1761 3223; baseline 0.013 -22"><span class='ocrx_word' id='word_1_407' title='bbox 126 3146 212 3211; x_wconf 79' lang='lat' dir='ltr'><strong>legem</strong></span> <span class='ocrx_word' id='word_1_408' title='bbox 227 3151 341 3201; x_wconf 87' lang='lat' dir='ltr'><strong>transire</strong></span> <span class='ocrx_word' id='word_1_409' title='bbox 355 3166 407 3204; x_wconf 90' lang='lat' dir='ltr'><strong>uon</strong></span> <span class='ocrx_word' id='word_1_410' title='bbox 424 3150 533 3205; x_wconf 84' lang='lat' dir='ltr'><strong>debent.</strong></span> <span class='ocrx_word' id='word_1_411' title='bbox 546 3153 591 3205; x_wconf 78' lang='lat' dir='ltr'><strong>Sic</strong></span> <span class='ocrx_word' id='word_1_412' title='bbox 608 3153 634 3207; x_wconf 93' lang='lat' dir='ltr'><strong>in</strong></span> <span class='ocrx_word' id='word_1_413' title='bbox 648 3153 799 3223; x_wconf 79' lang='lat' dir='ltr'><strong>longinquis</strong></span> <span class='ocrx_word' id='word_1_414' title='bbox 814 3155 924 3221; x_wconf 90' lang='lat' dir='ltr'><strong>quibus·</strong></span> <span class='ocrx_word' id='word_1_415' title='bbox 937 3145 959 3205; x_wconf 91' lang='lat' dir='ltr'>C</span> <span class='ocrx_word' id='word_1_416' title='bbox 975 3135 1038 3192; x_wconf 75' lang='grc'><strong>(111111</strong></span> <span class='ocrx_word' id='word_1_417' title='bbox 1053 3153 1163 3197; x_wconf 68' lang='grc'><strong>11111111</strong></span> <span class='ocrx_word' id='word_1_418' title='bbox 1176 3143 1309 3212; x_wconf 46' lang='grc'><strong>’1111111111</strong></span> <span class='ocrx_word' id='word_1_419' title='bbox 1324 3148 1368 3216; x_wconf 79' lang='grc'><strong>(1111</strong></span> <span class='ocrx_word' id='word_1_420' title='bbox 1383 3156 1446 3203; x_wconf 73' lang='grc'><strong>111111</strong></span> <span class='ocrx_word' id='word_1_421' title='bbox 1458 3150 1607 3222; x_wconf 61' lang='grc'><strong>[1180111111</strong></span> <span class='ocrx_word' id='word_1_422' title='bbox 1619 3154 1761 3221; x_wconf 65' lang='grc'><strong>111111111111111</strong></span> 
     </span>
    </p>
   </div>
   <div class='ocr_carea' id='block_1_9' title="bbox 125 3236 922 4501">
    <p class='ocr_par' dir='ltr' id='par_1_9' title="bbox 125 3236 922 4501">
     <span class='ocr_line' id='line_1_61' title="bbox 127 3236 916 3314; baseline 0.011 -23"><span class='ocrx_word' id='word_1_423' title='bbox 127 3236 188 3292; x_wconf 89' lang='lat' dir='ltr'><strong>dam</strong></span> <span class='ocrx_word' id='word_1_424' title='bbox 205 3240 348 3306; x_wconf 86' lang='lat' dir='ltr'><strong>prouinciis</strong></span> <span class='ocrx_word' id='word_1_425' title='bbox 363 3242 481 3310; x_wconf 83' lang='lat' dir='ltr'><strong>opi-copi</strong></span> <span class='ocrx_word' id='word_1_426' title='bbox 496 3259 510 3296; x_wconf 90' lang='lat' dir='ltr'><strong>a</strong></span> <span class='ocrx_word' id='word_1_427' title='bbox 524 3242 607 3313; x_wconf 84' lang='lat' dir='ltr'><strong>iquot,</strong></span> <span class='ocrx_word' id='word_1_428' title='bbox 635 3244 821 3300; x_wconf 74' lang='lat' dir='ltr'><strong>dissimulanti</strong></span> <span class='ocrx_word' id='word_1_429' title='bbox 845 3261 916 3314; x_wconf 86' lang='lat' dir='ltr'><strong>rege,</strong></span> 
     </span>
     <span class='ocr_line' id='line_1_62' title="bbox 125 3333 917 3402; baseline 0.015 -21"><span class='ocrx_word' id='word_1_430' title='bbox 125 3336 173 3382; x_wconf 87' lang='lat' dir='ltr'><strong>aut</strong></span> <span class='ocrx_word' id='word_1_431' title='bbox 186 3345 240 3398; x_wconf 80' lang='lat' dir='ltr'><strong>prae</strong></span> <span class='ocrx_word' id='word_1_432' title='bbox 251 3333 346 3387; x_wconf 76' lang='lat' dir='ltr'><strong>mnori</strong></span> <span class='ocrx_word' id='word_1_433' title='bbox 358 3341 437 3387; x_wconf 76' lang='lat' dir='ltr'><strong>:etate</strong></span> <span class='ocrx_word' id='word_1_434' title='bbox 447 3343 494 3386; x_wconf 91' lang='lat' dir='ltr'><strong>aut</strong></span> <span class='ocrx_word' id='word_1_435' title='bbox 504 3335 577 3402; x_wconf 90' lang='lat' dir='ltr'><strong>regni</strong></span> <span class='ocrx_word' id='word_1_436' title='bbox 590 3335 674 3389; x_wconf 87' lang='lat' dir='ltr'><strong>turbis</strong></span> <span class='ocrx_word' id='word_1_437' title='bbox 687 3350 739 3390; x_wconf 90' lang='lat' dir='ltr'><strong>nou</strong></span> <span class='ocrx_word' id='word_1_438' title='bbox 752 3337 917 3400; x_wconf 71' lang='lat' dir='ltr'><strong>attondente,</strong></span> 
     </span>
     <span class='ocr_line' id='line_1_63' title="bbox 126 3419 919 3496; baseline 0.011 -24"><span class='ocrx_word' id='word_1_439' title='bbox 126 3419 227 3483; x_wconf 79' lang='lat' dir='ltr'><strong>absque</strong></span> <span class='ocrx_word' id='word_1_440' title='bbox 238 3420 297 3489; x_wconf 82' lang='lat' dir='ltr'><strong>ejus</strong></span> <span class='ocrx_word' id='word_1_441' title='bbox 309 3422 386 3476; x_wconf 66' lang='lat' dir='ltr'><strong>vernia</strong></span> <span class='ocrx_word' id='word_1_442' title='bbox 402 3424 551 3478; x_wconf 81' lang='lat' dir='ltr'><strong>ctrnsecrati</strong></span> <span class='ocrx_word' id='word_1_443' title='bbox 567 3423 684 3480; x_wconf 82' lang='lat' dir='ltr'><strong>bierunt.</strong></span> <span class='ocrx_word' id='word_1_444' title='bbox 700 3426 784 3495; x_wconf 81' lang='lat' dir='ltr'><strong>blajor</strong></span> <span class='ocrx_word' id='word_1_445' title='bbox 796 3427 843 3480; x_wconf 88' lang='lat' dir='ltr'><strong>luit</strong></span> <span class='ocrx_word' id='word_1_446' title='bbox 854 3442 919 3496; x_wconf 91' lang='lat' dir='ltr'><strong>pon·</strong></span> 
     </span>
     <span class='ocr_line' id='line_1_64' title="bbox 127 3509 920 3584; baseline 0.013 -21"><span class='ocrx_word' id='word_1_447' title='bbox 127 3509 229 3564; x_wconf 88' lang='lat' dir='ltr'><strong>tillcorn</strong></span> <span class='ocrx_word' id='word_1_448' title='bbox 248 3512 397 3581; x_wconf 78' lang='lat' dir='ltr'><strong>aquitania</strong></span> <span class='ocrx_word' id='word_1_449' title='bbox 418 3513 437 3566; x_wconf 92' lang='lat' dir='ltr'><strong>tt</strong></span> <span class='ocrx_word' id='word_1_450' title='bbox 460 3527 552 3580; x_wconf 90' lang='lat' dir='ltr'><strong>ausos,</strong></span> <span class='ocrx_word' id='word_1_451' title='bbox 571 3515 615 3584; x_wconf 93' lang='lat' dir='ltr'><strong>qui</strong></span> <span class='ocrx_word' id='word_1_452' title='bbox 633 3515 797 3584; x_wconf 84' lang='lat' dir='ltr'><strong>Eumerium,</strong></span> <span class='ocrx_word' id='word_1_453' title='bbox 824 3518 920 3573; x_wconf 86' lang='lat' dir='ltr'><strong>Santo-</strong></span> 
     </span>
     <span class='ocr_line' id='line_1_65' title="bbox 126 3603 921 3680; baseline 0.013 -26"><span class='ocrx_word' id='word_1_454' title='bbox 126 3615 236 3656; x_wconf 86' lang='lat' dir='ltr'><strong>nonsenr</strong></span> <span class='ocrx_word' id='word_1_455' title='bbox 249 3603 418 3670; x_wconf 84' lang='lat' dir='ltr'><strong>episcopum,</strong></span> <span class='ocrx_word' id='word_1_456' title='bbox 430 3619 445 3660; x_wconf 93' lang='lat' dir='ltr'><strong>e</strong></span> <span class='ocrx_word' id='word_1_457' title='bbox 457 3605 527 3661; x_wconf 91' lang='lat' dir='ltr'><strong>solio</strong></span> <span class='ocrx_word' id='word_1_458' title='bbox 540 3604 728 3675; x_wconf 88' lang='lat' dir='ltr'><strong>deturbarunt,</strong></span> <span class='ocrx_word' id='word_1_459' title='bbox 741 3609 810 3679; x_wconf 90' lang='lat' dir='ltr'><strong>quod</strong></span> <span class='ocrx_word' id='word_1_460' title='bbox 826 3611 921 3680; x_wconf 80' lang='lat' dir='ltr'><strong>uitaque</strong></span> 
     </span>
     <span class='ocr_line' id='line_1_66' title="bbox 126 3692 920 3768; baseline 0.016 -23"><span class='ocrx_word' id='word_1_461' title='bbox 126 3692 317 3763; x_wconf 83' lang='lat' dir='ltr'><strong>metropolitani</strong></span> <span class='ocrx_word' id='word_1_462' title='bbox 324 3696 430 3749; x_wconf 74' lang='lat' dir='ltr'><strong>corratio</strong></span> <span class='ocrx_word' id='word_1_463' title='bbox 442 3697 545 3763; x_wconf 79' lang='lat' dir='ltr'><strong>luisset,</strong></span> <span class='ocrx_word' id='word_1_464' title='bbox 560 3698 731 3768; x_wconf 72' lang='lat' dir='ltr'><strong>precipiente</strong></span> <span class='ocrx_word' id='word_1_465' title='bbox 740 3716 813 3762; x_wconf 76' lang='lat' dir='ltr'><strong>reae,</strong></span> <span class='ocrx_word' id='word_1_466' title='bbox 825 3715 920 3757; x_wconf 87' lang='lat' dir='ltr'><strong>conse·</strong></span> 
     </span>
     <span class='ocr_line' id='line_1_67' title="bbox 127 3787 920 3856; baseline 0.018 -19"><span class='ocrx_word' id='word_1_467' title='bbox 127 3793 216 3837; x_wconf 87' lang='lat' dir='ltr'><strong>cratus</strong></span> <span class='ocrx_word' id='word_1_468' title='bbox 229 3802 236 3837; x_wconf 80' lang='grc' dir='ltr'>ι</span> <span class='ocrx_word' id='word_1_469' title='bbox 247 3793 275 3839; x_wconf 90' lang='lat' dir='ltr'><strong>at</strong></span> <span class='ocrx_word' id='word_1_470' title='bbox 285 3801 344 3839; x_wconf 91' lang='lat' dir='ltr'><strong>cutn</strong></span> <span class='ocrx_word' id='word_1_471' title='bbox 357 3787 383 3840; x_wconf 92' lang='lat' dir='ltr'><strong>id</strong></span> <span class='ocrx_word' id='word_1_472' title='bbox 399 3789 750 3856; x_wconf 82' lang='lat' dir='ltr'><strong>rescivissetharibertus,</strong></span> <span class='ocrx_word' id='word_1_473' title='bbox 763 3794 920 3850; x_wconf 83' lang='lat' dir='ltr'><strong>Eumerium</strong></span> 
     </span>
     <span class='ocr_line' id='line_1_68' title="bbox 128 3873 922 3952; baseline 0.015 -23"><span class='ocrx_word' id='word_1_474' title='bbox 128 3873 155 3929; x_wconf 87' lang='lat' dir='ltr'><strong>ln</strong></span> <span class='ocrx_word' id='word_1_475' title='bbox 169 3877 261 3930; x_wconf 87' lang='lat' dir='ltr'><strong>sedern</strong></span> <span class='ocrx_word' id='word_1_476' title='bbox 278 3877 381 3932; x_wconf 86' lang='lat' dir='ltr'><strong>restitui</strong></span> <span class='ocrx_word' id='word_1_477' title='bbox 397 3878 547 3949; x_wconf 88' lang='lat' dir='ltr'><strong>imperavit,</strong></span> <span class='ocrx_word' id='word_1_478' title='bbox 559 3883 705 3952; x_wconf 87' lang='lat' dir='ltr'><strong>mulctatis,</strong></span> <span class='ocrx_word' id='word_1_479' title='bbox 717 3895 744 3940; x_wconf 91' lang='lat' dir='ltr'><strong>ut</strong></span> <span class='ocrx_word' id='word_1_480' title='bbox 760 3884 843 3940; x_wconf 90' lang='lat' dir='ltr'><strong>relert</strong></span> <span class='ocrx_word' id='word_1_481' title='bbox 855 3884 922 3940; x_wconf 92' lang='lat' dir='ltr'><strong>Gre-</strong></span> 
     </span>
     <span class='ocr_line' id='line_1_69' title="bbox 130 3968 919 4046; baseline 0.015 -26"><span class='ocrx_word' id='word_1_482' title='bbox 130 3968 231 4035; x_wconf 84' lang='lat' dir='ltr'><strong>gorius,</strong></span> <span class='ocrx_word' id='word_1_483' title='bbox 243 3969 387 4039; x_wconf 84' lang='lat' dir='ltr'><strong>episcopis,</strong></span> <span class='ocrx_word' id='word_1_484' title='bbox 407 3974 450 4043; x_wconf 90' lang='lat' dir='ltr'><strong>qui</strong></span> <span class='ocrx_word' id='word_1_485' title='bbox 467 3972 520 4027; x_wconf 86' lang='lat' dir='ltr'><strong>tale</strong></span> <span class='ocrx_word' id='word_1_486' title='bbox 537 3973 639 4029; x_wconf 88' lang='lat' dir='ltr'><strong>lacinus</strong></span> <span class='ocrx_word' id='word_1_487' title='bbox 659 3977 776 4046; x_wconf 82' lang='lat' dir='ltr'><strong>aggressi</strong></span> <span class='ocrx_word' id='word_1_488' title='bbox 803 3975 919 4034; x_wconf 88' lang='lat' dir='ltr'><strong>lucrant.</strong></span> 
     </span>
     <span class='ocr_line' id='line_1_70' title="bbox 128 4059 919 4141; baseline 0.013 -27"><span class='ocrx_word' id='word_1_489' title='bbox 128 4059 204 4115; x_wconf 87' lang='lat' dir='ltr'><strong>llaod</strong></span> <span class='ocrx_word' id='word_1_490' title='bbox 227 4071 316 4116; x_wconf 88' lang='lat' dir='ltr'><strong>tamon</strong></span> <span class='ocrx_word' id='word_1_491' title='bbox 329 4063 398 4117; x_wconf 83' lang='lat' dir='ltr'><strong>adeo</strong></span> <span class='ocrx_word' id='word_1_492' title='bbox 413 4066 512 4120; x_wconf 81' lang='lat' dir='ltr'><strong>exarsit</strong></span> <span class='ocrx_word' id='word_1_493' title='bbox 524 4064 698 4124; x_wconf 85' lang='lat' dir='ltr'><strong>Clraribertus</strong></span> <span class='ocrx_word' id='word_1_494' title='bbox 720 4069 748 4124; x_wconf 90' lang='lat' dir='ltr'><strong>in</strong></span> <span class='ocrx_word' id='word_1_495' title='bbox 767 4069 919 4141; x_wconf 87' lang='lat' dir='ltr'><strong>episcopos,</strong></span> 
     </span>
     <span class='ocr_line' id='line_1_71' title="bbox 127 4153 921 4228; baseline 0.015 -24"><span class='ocrx_word' id='word_1_496' title='bbox 127 4153 200 4219; x_wconf 88' lang='lat' dir='ltr'><strong>quod</strong></span> <span class='ocrx_word' id='word_1_497' title='bbox 216 4155 334 4209; x_wconf 87' lang='lat' dir='ltr'><strong>Eumerii</strong></span> <span class='ocrx_word' id='word_1_498' title='bbox 347 4157 542 4213; x_wconf 88' lang='lat' dir='ltr'><strong>ordinationem</strong></span> <span class='ocrx_word' id='word_1_499' title='bbox 555 4159 710 4216; x_wconf 79' lang='lat' dir='ltr'><strong>examinare</strong></span> <span class='ocrx_word' id='word_1_500' title='bbox 722 4161 882 4228; x_wconf 80' lang='lat' dir='ltr'><strong>voluissent,</strong></span> <span class='ocrx_word' id='word_1_501' title='bbox 895 4160 921 4216; x_wconf 93' lang='lat' dir='ltr'><strong>id</strong></span> 
     </span>
     <span class='ocr_line' id='line_1_72' title="bbox 128 4243 921 4322; baseline 0.008 -24"><span class='ocrx_word' id='word_1_502' title='bbox 128 4243 200 4298; x_wconf 88' lang='lat' dir='ltr'><strong>enirn</strong></span> <span class='ocrx_word' id='word_1_503' title='bbox 211 4245 249 4299; x_wconf 91' lang='lat' dir='ltr'><strong>eis</strong></span> <span class='ocrx_word' id='word_1_504' title='bbox 262 4260 308 4315; x_wconf 89' lang='lat' dir='ltr'><strong>per</strong></span> <span class='ocrx_word' id='word_1_505' title='bbox 321 4261 438 4302; x_wconf 87' lang='lat' dir='ltr'><strong>canones</strong></span> <span class='ocrx_word' id='word_1_506' title='bbox 449 4248 550 4302; x_wconf 91' lang='lat' dir='ltr'><strong>licitum</strong></span> <span class='ocrx_word' id='word_1_507' title='bbox 564 4260 634 4315; x_wconf 87' lang='lat' dir='ltr'><strong>erat,</strong></span> <span class='ocrx_word' id='word_1_508' title='bbox 643 4249 691 4305; x_wconf 89' lang='lat' dir='ltr'><strong>sed</strong></span> <span class='ocrx_word' id='word_1_509' title='bbox 702 4251 771 4322; x_wconf 88' lang='lat' dir='ltr'><strong>quod</strong></span> <span class='ocrx_word' id='word_1_510' title='bbox 784 4250 856 4306; x_wconf 89' lang='lat' dir='ltr'><strong>illurn</strong></span> <span class='ocrx_word' id='word_1_511' title='bbox 865 4251 921 4322; x_wconf 84' lang='lat' dir='ltr'><strong>jam</strong></span> 
     </span>
     <span class='ocr_line' id='line_1_73' title="bbox 128 4334 922 4413; baseline 0.011 -23"><span class='ocrx_word' id='word_1_512' title='bbox 128 4334 174 4390; x_wconf 91' lang='lat' dir='ltr'><strong>diu</strong></span> <span class='ocrx_word' id='word_1_513' title='bbox 190 4352 250 4390; x_wconf 90' lang='lat' dir='ltr'><strong>cum</strong></span> <span class='ocrx_word' id='word_1_514' title='bbox 271 4339 428 4394; x_wconf 90' lang='lat' dir='ltr'><strong>anctoritate</strong></span> <span class='ocrx_word' id='word_1_515' title='bbox 442 4342 512 4408; x_wconf 89' lang='lat' dir='ltr'><strong>regis</strong></span> <span class='ocrx_word' id='word_1_516' title='bbox 526 4343 680 4409; x_wconf 61' lang='lat' dir='ltr'><strong>episcopatu</strong></span> <span class='ocrx_word' id='word_1_517' title='bbox 696 4343 851 4413; x_wconf 89' lang='lat' dir='ltr'><strong>pollentem,</strong></span> <span class='ocrx_word' id='word_1_518' title='bbox 863 4345 922 4399; x_wconf 91' lang='lat' dir='ltr'><strong>abs·</strong></span> 
     </span>
     <span class='ocr_line' id='line_1_74' title="bbox 128 4426 655 4501; baseline 0.015 -23"><span class='ocrx_word' id='word_1_519' title='bbox 128 4440 181 4495; x_wconf 89' lang='lat' dir='ltr'><strong>quc</strong></span> <span class='ocrx_word' id='word_1_520' title='bbox 194 4426 252 4496; x_wconf 64' lang='lat' dir='ltr'><strong>tiras</strong></span> <span class='ocrx_word' id='word_1_521' title='bbox 259 4429 362 4496; x_wconf 83' lang='lat' dir='ltr'><strong>judicio</strong></span> <span class='ocrx_word' id='word_1_522' title='bbox 376 4446 391 4485; x_wconf 89' lang='lat' dir='ltr'><strong>e</strong></span> <span class='ocrx_word' id='word_1_523' title='bbox 406 4431 469 4486; x_wconf 87' lang='lat' dir='ltr'><strong>sede</strong></span> <span class='ocrx_word' id='word_1_524' title='bbox 484 4431 655 4501; x_wconf 56' lang='lat' dir='ltr'><strong>deiecissent.</strong></span> 
     </span>
    </p>
   </div>
   <div class='ocr_carea' id='block_1_10' title="bbox 955 3234 1762 3311">
    <p class='ocr_par' dir='ltr' id='par_1_10' title="bbox 955 3234 1762 3311">
     <span class='ocr_line' id='line_1_75' title="bbox 955 3234 1762 3311; baseline 0.016 -26"><span class='ocrx_word' id='word_1_525' title='bbox 955 3244 1038 3310; x_wconf 51' lang='lat' dir='ltr'><strong>¹crat,</strong></span> <span class='ocrx_word' id='word_1_526' title='bbox 1056 3234 1173 3301; x_wconf 84' lang='lat' dir='ltr'><strong>vireret,</strong></span> <span class='ocrx_word' id='word_1_527' title='bbox 1190 3237 1232 3292; x_wconf 90' lang='lat' dir='ltr'><strong>bic</strong></span> <span class='ocrx_word' id='word_1_528' title='bbox 1247 3238 1453 3298; x_wconf 87' lang='lat' dir='ltr'><strong>Torrrodoreuse</strong></span> <span class='ocrx_word' id='word_1_529' title='bbox 1474 3255 1603 3311; x_wconf 81' lang='lat' dir='ltr'><strong>castrum,</strong></span> <span class='ocrx_word' id='word_1_530' title='bbox 1621 3254 1652 3300; x_wconf 90' lang='lat' dir='ltr'><strong>ut</strong></span> <span class='ocrx_word' id='word_1_531' title='bbox 1675 3245 1762 3299; x_wconf 87' lang='lat' dir='ltr'><strong>arcbi-</strong></span> 
     </span>
    </p>
   </div>
   <div class='ocr_carea' id='block_1_11' title="bbox 971 3323 1763 4497">
    <p class='ocr_par' dir='ltr' id='par_1_11' title="bbox 971 3323 1668 3410">
     <span class='ocr_line' id='line_1_76' title="bbox 971 3323 1668 3410; baseline 0.014 -32"><span class='ocrx_word' id='word_1_532' title='bbox 971 3323 1112 3396; x_wconf 78' lang='lat' dir='ltr'><strong>presbyter</strong></span> <span class='ocrx_word' id='word_1_533' title='bbox 1124 3339 1246 3410; x_wconf 73' lang='lat' dir='ltr'><strong>regeret,</strong></span> <span class='ocrx_word' id='word_1_534' title='bbox 1261 3340 1341 3399; x_wconf 88' lang='lat' dir='ltr'><strong>atque</strong></span> <span class='ocrx_word' id='word_1_535' title='bbox 1358 3328 1388 3385; x_wconf 82' lang='lat' dir='ltr'><strong>iu&#39;</strong></span> <span class='ocrx_word' id='word_1_536' title='bbox 1400 3347 1432 3387; x_wconf 91' lang='lat' dir='ltr'><strong>eo</strong></span> <span class='ocrx_word' id='word_1_537' title='bbox 1444 3344 1668 3389; x_wconf 87' lang='lat' dir='ltr'><strong>commoraretur.</strong></span> 
     </span>
    </p>

    <p class='ocr_par' dir='ltr' id='par_1_12' title="bbox 972 3414 1763 4497">
     <span class='ocr_line' id='line_1_77' title="bbox 1006 3414 1760 3496; baseline 0.013 -28"><span class='ocrx_word' id='word_1_538' title='bbox 1006 3414 1053 3473; x_wconf 71' lang='lat' dir='ltr'><strong>ab.</strong></span> <span class='ocrx_word' id='word_1_539' title='bbox 1078 3417 1264 3475; x_wconf 81' lang='lat' dir='ltr'><strong>Ordinationes</strong></span> <span class='ocrx_word' id='word_1_540' title='bbox 1288 3421 1321 3476; x_wconf 90' lang='lat' dir='ltr'><strong>ad</strong></span> <span class='ocrx_word' id='word_1_541' title='bbox 1338 3423 1556 3492; x_wconf 87' lang='lat' dir='ltr'><strong>metropolitanos</strong></span> <span class='ocrx_word' id='word_1_542' title='bbox 1580 3427 1760 3496; x_wconf 89' lang='lat' dir='ltr'><strong>pertinebant,</strong></span> 
     </span>
     <span class='ocr_line' id='line_1_78' title="bbox 973 3501 1760 3585; baseline 0.015 -26"><span class='ocrx_word' id='word_1_543' title='bbox 973 3501 1001 3560; x_wconf 87' lang='lat' dir='ltr'><strong>ln</strong></span> <span class='ocrx_word' id='word_1_544' title='bbox 1018 3506 1125 3577; x_wconf 89' lang='lat' dir='ltr'><strong>propria</strong></span> <span class='ocrx_word' id='word_1_545' title='bbox 1137 3508 1267 3578; x_wconf 81' lang='lat' dir='ltr'><strong>ctrjrrsqoe</strong></span> <span class='ocrx_word' id='word_1_546' title='bbox 1279 3511 1424 3578; x_wconf 88' lang='lat' dir='ltr'><strong>prouincia.</strong></span> <span class='ocrx_word' id='word_1_547' title='bbox 1442 3513 1517 3569; x_wconf 85' lang='lat' dir='ltr'><strong>Unde</strong></span> <span class='ocrx_word' id='word_1_548' title='bbox 1535 3514 1678 3585; x_wconf 86' lang='lat' dir='ltr'><strong>Gregorius</strong></span> <span class='ocrx_word' id='word_1_549' title='bbox 1691 3516 1760 3571; x_wconf 90' lang='lat' dir='ltr'><strong>libro</strong></span> 
     </span>
     <span class='ocr_line' id='line_1_79' title="bbox 973 3599 1761 3676; baseline 0.016 -25"><span class='ocrx_word' id='word_1_550' title='bbox 973 3613 999 3651; x_wconf 88' lang='lat' dir='ltr'><strong>tu</strong></span> <span class='ocrx_word' id='word_1_551' title='bbox 1014 3599 1149 3670; x_wconf 76' lang='lat' dir='ltr'><strong>Historiae,</strong></span> <span class='ocrx_word' id='word_1_552' title='bbox 1165 3603 1252 3671; x_wconf 88' lang='lat' dir='ltr'><strong>eapite</strong></span> <span class='ocrx_word' id='word_1_553' title='bbox 1266 3603 1310 3671; x_wconf 75' lang='lat'><strong>35,</strong></span> <span class='ocrx_word' id='word_1_554' title='bbox 1328 3605 1398 3673; x_wconf 88' lang='lat' dir='ltr'><strong>quod</strong></span> <span class='ocrx_word' id='word_1_555' title='bbox 1412 3605 1532 3661; x_wconf 91' lang='lat' dir='ltr'><strong>ineditis</strong></span> <span class='ocrx_word' id='word_1_556' title='bbox 1546 3607 1761 3676; x_wconf 77' lang='lat' dir='ltr'><strong>precedentibus</strong></span> 
     </span>
     <span class='ocr_line' id='line_1_80' title="bbox 972 3691 1760 3768; baseline 0.01 -23"><span class='ocrx_word' id='word_1_557' title='bbox 972 3691 1186 3762; x_wconf 87' lang='lat' dir='ltr'><strong>desiderabatur,</strong></span> <span class='ocrx_word' id='word_1_558' title='bbox 1214 3709 1326 3752; x_wconf 86' lang='lat' dir='ltr'><strong>narrans</strong></span> <span class='ocrx_word' id='word_1_559' title='bbox 1349 3698 1421 3753; x_wconf 76' lang='lat' dir='ltr'><strong>dotti</strong></span> <span class='ocrx_word' id='word_1_560' title='bbox 1441 3698 1618 3757; x_wconf 77' lang='lat' dir='ltr'><strong>Arvernensis</strong></span> <span class='ocrx_word' id='word_1_561' title='bbox 1642 3701 1760 3768; x_wconf 85' lang='lat' dir='ltr'><strong>episcopi</strong></span> 
     </span>
     <span class='ocr_line' id='line_1_81' title="bbox 972 3776 1760 3864; baseline 0.015 -26"><span class='ocrx_word' id='word_1_562' title='bbox 972 3785 1185 3854; x_wconf 89' lang='lat' dir='ltr'><strong>ordinationem,</strong></span> <span class='ocrx_word' id='word_1_563' title='bbox 1199 3789 1277 3858; x_wconf 87' lang='lat' dir='ltr'><strong>jusso</strong></span> <span class='ocrx_word' id='word_1_564' title='bbox 1300 3790 1427 3861; x_wconf 80' lang='lat' dir='ltr'><strong>sigiberti</strong></span> <span class='ocrx_word' id='word_1_565' title='bbox 1449 3776 1626 3864; x_wconf 81' lang='lat' dir='ltr'><strong>regis&#39;blettis</strong></span> <span class='ocrx_word' id='word_1_566' title='bbox 1640 3795 1760 3861; x_wconf 85' lang='lat' dir='ltr'><strong>laetam,</strong></span> 
     </span>
     <span class='ocr_line' id='line_1_82' title="bbox 972 3877 1761 3949; baseline 0.01 -17"><span class='ocrx_word' id='word_1_567' title='bbox 972 3877 1099 3932; x_wconf 82' lang='lat' dir='ltr'><strong>observat</strong></span> <span class='ocrx_word' id='word_1_568' title='bbox 1113 3877 1162 3933; x_wconf 90' lang='lat' dir='ltr'><strong>bac</strong></span> <span class='ocrx_word' id='word_1_569' title='bbox 1178 3879 1203 3933; x_wconf 87' lang='lat' dir='ltr'><strong>in</strong></span> <span class='ocrx_word' id='word_1_570' title='bbox 1218 3895 1247 3935; x_wconf 87' lang='lat' dir='ltr'><strong>re</strong></span> <span class='ocrx_word' id='word_1_571' title='bbox 1261 3883 1413 3935; x_wconf 84' lang='lat' dir='ltr'><strong>canonicum</strong></span> <span class='ocrx_word' id='word_1_572' title='bbox 1423 3884 1533 3949; x_wconf 79' lang='lat' dir='ltr'><strong>rigorem</strong></span> <span class='ocrx_word' id='word_1_573' title='bbox 1545 3899 1597 3939; x_wconf 90' lang='lat' dir='ltr'><strong>non</strong></span> <span class='ocrx_word' id='word_1_574' title='bbox 1615 3883 1695 3940; x_wconf 90' lang='lat' dir='ltr'><strong>luisse</strong></span> <span class='ocrx_word' id='word_1_575' title='bbox 1705 3901 1761 3940; x_wconf 88' lang='lat' dir='ltr'><strong>ser-</strong></span> 
     </span>
     <span class='ocr_line' id='line_1_83' title="bbox 972 3968 1763 4040; baseline 0.013 -19"><span class='ocrx_word' id='word_1_576' title='bbox 972 3976 1074 4023; x_wconf 84' lang='lat' dir='ltr'><strong>ratum.</strong></span> <span class='ocrx_word' id='word_1_577' title='bbox 1084 3968 1142 4038; x_wconf 88' lang='lat' dir='ltr'><strong>lpse</strong></span> <span class='ocrx_word' id='word_1_578' title='bbox 1155 3979 1243 4026; x_wconf 90' lang='lat' dir='ltr'><strong>tamen</strong></span> <span class='ocrx_word' id='word_1_579' title='bbox 1256 3970 1398 4040; x_wconf 85' lang='lat' dir='ltr'><strong>Gregorius</strong></span> <span class='ocrx_word' id='word_1_580' title='bbox 1411 3972 1519 4028; x_wconf 80' lang='lat' dir='ltr'><strong>biremis</strong></span> <span class='ocrx_word' id='word_1_581' title='bbox 1530 3985 1702 4031; x_wconf 70' lang='lat' dir='ltr'><strong>consecratus</strong></span> <span class='ocrx_word' id='word_1_582' title='bbox 1715 3975 1763 4031; x_wconf 89' lang='lat' dir='ltr'><strong>lnit</strong></span> 
     </span>
     <span class='ocr_line' id='line_1_84' title="bbox 973 4055 1762 4131; baseline 0.016 -21"><span class='ocrx_word' id='word_1_583' title='bbox 973 4059 1006 4113; x_wconf 90' lang='lat' dir='ltr'><strong>ab</strong></span> <span class='ocrx_word' id='word_1_584' title='bbox 1021 4058 1127 4126; x_wconf 74' lang='lat' dir='ltr'><strong>AEaidio</strong></span> <span class='ocrx_word' id='word_1_585' title='bbox 1138 4059 1197 4130; x_wconf 84' lang='lat' dir='ltr'><strong>ejus</strong></span> <span class='ocrx_word' id='word_1_586' title='bbox 1211 4062 1285 4117; x_wconf 92' lang='lat' dir='ltr'><strong>urbis</strong></span> <span class='ocrx_word' id='word_1_587' title='bbox 1297 4055 1518 4131; x_wconf 86' lang='lat' dir='ltr'><strong>metropolitano,</strong></span> <span class='ocrx_word' id='word_1_588' title='bbox 1535 4075 1563 4119; x_wconf 91' lang='lat' dir='ltr'><strong>ut</strong></span> <span class='ocrx_word' id='word_1_589' title='bbox 1580 4067 1651 4120; x_wconf 86' lang='lat' dir='ltr'><strong>cauit</strong></span> <span class='ocrx_word' id='word_1_590' title='bbox 1667 4067 1762 4123; x_wconf 81' lang='lat' dir='ltr'><strong>Fortu·</strong></span> 
     </span>
     <span class='ocr_line' id='line_1_85' title="bbox 973 4151 1762 4223; baseline 0.011 -20"><span class='ocrx_word' id='word_1_591' title='bbox 973 4159 1061 4217; x_wconf 84' lang='lat' dir='ltr'><strong>naute,</strong></span> <span class='ocrx_word' id='word_1_592' title='bbox 1078 4165 1127 4205; x_wconf 89' lang='lat' dir='ltr'><strong>uec</strong></span> <span class='ocrx_word' id='word_1_593' title='bbox 1148 4151 1268 4208; x_wconf 86' lang='lat' dir='ltr'><strong>alterutri</strong></span> <span class='ocrx_word' id='word_1_594' title='bbox 1294 4169 1409 4223; x_wconf 92' lang='lat' dir='ltr'><strong>unquam</strong></span> <span class='ocrx_word' id='word_1_595' title='bbox 1423 4153 1474 4210; x_wconf 91' lang='lat' dir='ltr'><strong>boc</strong></span> <span class='ocrx_word' id='word_1_596' title='bbox 1487 4154 1584 4210; x_wconf 90' lang='lat' dir='ltr'><strong>lactum</strong></span> <span class='ocrx_word' id='word_1_597' title='bbox 1599 4158 1663 4211; x_wconf 89' lang='lat' dir='ltr'><strong>vitio</strong></span> <span class='ocrx_word' id='word_1_598' title='bbox 1674 4157 1762 4212; x_wconf 86' lang='lat' dir='ltr'><strong>vertit.</strong></span> 
     </span>
     <span class='ocr_line' id='line_1_86' title="bbox 974 4242 1762 4318; baseline 0.006 -20"><span class='ocrx_word' id='word_1_599' title='bbox 974 4244 1007 4298; x_wconf 87' lang='lat' dir='ltr'><strong>ltt</strong></span> <span class='ocrx_word' id='word_1_600' title='bbox 1020 4258 1081 4297; x_wconf 89' lang='lat' dir='ltr'><strong>com</strong></span> <span class='ocrx_word' id='word_1_601' title='bbox 1095 4242 1166 4298; x_wconf 85' lang='lat' dir='ltr'><strong>idem</strong></span> <span class='ocrx_word' id='word_1_602' title='bbox 1191 4244 1315 4315; x_wconf 79' lang='lat' dir='ltr'><strong>AEgidius</strong></span> <span class='ocrx_word' id='word_1_603' title='bbox 1332 4262 1384 4299; x_wconf 94' lang='lat' dir='ltr'><strong>nou</strong></span> <span class='ocrx_word' id='word_1_604' title='bbox 1398 4247 1484 4299; x_wconf 88' lang='lat' dir='ltr'><strong>solum</strong></span> <span class='ocrx_word' id='word_1_605' title='bbox 1508 4248 1635 4303; x_wconf 89' lang='lat' dir='ltr'><strong>ordinare</strong></span> <span class='ocrx_word' id='word_1_606' title='bbox 1657 4249 1762 4318; x_wconf 84' lang='lat' dir='ltr'><strong>episco-</strong></span> 
     </span>
     <span class='ocr_line' id='line_1_87' title="bbox 973 4327 1759 4409; baseline 0.005 -19"><span class='ocrx_word' id='word_1_607' title='bbox 973 4327 1032 4405; x_wconf 74' lang='lat' dir='ltr'><strong>pos,</strong></span> <span class='ocrx_word' id='word_1_608' title='bbox 1040 4351 1135 4391; x_wconf 82' lang='lat' dir='ltr'><strong>uerum</strong></span> <span class='ocrx_word' id='word_1_609' title='bbox 1145 4336 1225 4393; x_wconf 87' lang='lat' dir='ltr'><strong>etiam</strong></span> <span class='ocrx_word' id='word_1_610' title='bbox 1235 4346 1263 4392; x_wconf 88' lang='lat' dir='ltr'><strong>et</strong></span> <span class='ocrx_word' id='word_1_611' title='bbox 1275 4337 1458 4409; x_wconf 88' lang='lat' dir='ltr'><strong>episcopatum</strong></span> <span class='ocrx_word' id='word_1_612' title='bbox 1470 4339 1609 4395; x_wconf 87' lang='lat' dir='ltr'><strong>instituere</strong></span> <span class='ocrx_word' id='word_1_613' title='bbox 1620 4340 1646 4393; x_wconf 92' lang='lat' dir='ltr'><strong>iu</strong></span> <span class='ocrx_word' id='word_1_614' title='bbox 1655 4339 1759 4394; x_wconf 79' lang='lat' dir='ltr'><strong>Castro·</strong></span> 
     </span>
     <span class='ocr_line' id='line_1_88' title="bbox 974 4425 1761 4497; baseline 0.005 -18"><span class='ocrx_word' id='word_1_615' title='bbox 974 4425 1103 4496; x_wconf 84' lang='lat' dir='ltr'><strong>bunonsl,</strong></span> <span class='ocrx_word' id='word_1_616' title='bbox 1117 4428 1189 4497; x_wconf 92' lang='lat' dir='ltr'><strong>quod</strong></span> <span class='ocrx_word' id='word_1_617' title='bbox 1203 4428 1230 4482; x_wconf 93' lang='lat' dir='ltr'><strong>in</strong></span> <span class='ocrx_word' id='word_1_618' title='bbox 1245 4428 1399 4485; x_wconf 87' lang='lat' dir='ltr'><strong>Garnoteua</strong></span> <span class='ocrx_word' id='word_1_619' title='bbox 1413 4429 1521 4486; x_wconf 76' lang='lat' dir='ltr'><strong>diaecesi</strong></span> <span class='ocrx_word' id='word_1_620' title='bbox 1538 4431 1618 4486; x_wconf 86' lang='lat' dir='ltr'><strong>situm</strong></span> <span class='ocrx_word' id='word_1_621' title='bbox 1641 4438 1695 4495; x_wconf 89' lang='lat' dir='ltr'><strong>est,</strong></span> <span class='ocrx_word' id='word_1_622' title='bbox 1705 4439 1761 4484; x_wconf 90' lang='lat' dir='ltr'><strong>teo·</strong></span> 
     </span>
    </p>
   </div>
   <div class='ocr_carea' id='block_1_12' title="bbox 165 4518 1762 4594">
    <p class='ocr_par' dir='ltr' id='par_1_13' title="bbox 165 4518 1762 4594">
     <span class='ocr_line' id='line_1_89' title="bbox 165 4518 1762 4594; baseline -0.001 -19"><span class='ocrx_word' id='word_1_623' title='bbox 165 4522 212 4575; x_wconf 67' lang='lat' dir='ltr'><strong>ab.</strong></span> <span class='ocrx_word' id='word_1_624' title='bbox 232 4523 433 4579; x_wconf 80' lang='lat' dir='ltr'><strong>Trarrslationes</strong></span> <span class='ocrx_word' id='word_1_625' title='bbox 447 4524 633 4594; x_wconf 88' lang='lat' dir='ltr'><strong>episcoporum</strong></span> <span class='ocrx_word' id='word_1_626' title='bbox 649 4538 683 4580; x_wconf 88' lang='lat' dir='ltr'><strong>er</strong></span> <span class='ocrx_word' id='word_1_627' title='bbox 701 4540 752 4579; x_wconf 88' lang='lat' dir='ltr'><strong>una</strong></span> <span class='ocrx_word' id='word_1_628' title='bbox 770 4525 920 4580; x_wconf 82' lang='lat' dir='ltr'><strong>inultorum</strong></span> <span class='ocrx_word' id='word_1_629' title='bbox 938 4524 1067 4585; x_wconf 72' lang='lat' dir='ltr'><strong>udisset,</strong></span> <span class='ocrx_word' id='word_1_630' title='bbox 1084 4518 1200 4588; x_wconf 85' lang='lat' dir='ltr'><strong>graviter</strong></span> <span class='ocrx_word' id='word_1_631' title='bbox 1214 4519 1248 4574; x_wconf 92' lang='lat' dir='ltr'><strong>ab</strong></span> <span class='ocrx_word' id='word_1_632' title='bbox 1262 4519 1395 4590; x_wconf 86' lang='lat' dir='ltr'><strong>episcopia</strong></span> <span class='ocrx_word' id='word_1_633' title='bbox 1423 4520 1530 4575; x_wconf 85' lang='lat' dir='ltr'><strong>concilii</strong></span> <span class='ocrx_word' id='word_1_634' title='bbox 1551 4535 1586 4575; x_wconf 86' lang='grc' dir='ltr'>ιπ</span> <span class='ocrx_word' id='word_1_635' title='bbox 1607 4520 1762 4575; x_wconf 69' lang='lat' dir='ltr'><strong>verisiensis</strong></span> 
     </span>
    </p>
   </div>
   <div class='ocr_carea' id='block_1_13' title="bbox 132 4612 922 4684">
    <p class='ocr_par' dir='ltr' id='par_1_14' title="bbox 132 4612 922 4684">
     <span class='ocr_line' id='line_1_90' title="bbox 132 4612 922 4684; baseline 0 -15"><span class='ocrx_word' id='word_1_636' title='bbox 132 4613 222 4668; x_wconf 82' lang='lat' dir='ltr'><strong>aedom</strong></span> <span class='ocrx_word' id='word_1_637' title='bbox 240 4629 367 4682; x_wconf 86' lang='lat' dir='ltr'><strong>nosquam</strong></span> <span class='ocrx_word' id='word_1_638' title='bbox 380 4613 407 4668; x_wconf 92' lang='lat' dir='ltr'><strong>in</strong></span> <span class='ocrx_word' id='word_1_639' title='bbox 423 4613 543 4684; x_wconf 89' lang='lat' dir='ltr'><strong>Gregorii</strong></span> <span class='ocrx_word' id='word_1_640' title='bbox 560 4612 635 4670; x_wconf 86' lang='lat' dir='ltr'><strong>libris</strong></span> <span class='ocrx_word' id='word_1_641' title='bbox 649 4614 768 4684; x_wconf 87' lang='lat' dir='ltr'><strong>reperire</strong></span> <span class='ocrx_word' id='word_1_642' title='bbox 780 4615 853 4682; x_wconf 91' lang='lat' dir='ltr'><strong>licet,</strong></span> <span class='ocrx_word' id='word_1_643' title='bbox 873 4615 922 4670; x_wconf 87' lang='lat' dir='ltr'><strong>uisi</strong></span> 
     </span>
    </p>
   </div>
   <div class='ocr_carea' id='block_1_14' title="bbox 132 4705 959 4779">
    <p class='ocr_par' dir='ltr' id='par_1_15' title="bbox 132 4705 959 4779">
     <span class='ocr_line' id='line_1_91' title="bbox 132 4705 959 4779; baseline 0 -20"><span class='ocrx_word' id='word_1_644' title='bbox 132 4719 237 4768; x_wconf 90' lang='lat' dir='ltr'><strong>eornm,</strong></span> <span class='ocrx_word' id='word_1_645' title='bbox 253 4705 343 4772; x_wconf 87' lang='lat' dir='ltr'><strong>quiex</strong></span> <span class='ocrx_word' id='word_1_646' title='bbox 360 4705 475 4773; x_wconf 90' lang='lat' dir='ltr'><strong>propriis</strong></span> <span class='ocrx_word' id='word_1_647' title='bbox 490 4705 602 4760; x_wconf 87' lang='lat' dir='ltr'><strong>orbibus</strong></span> <span class='ocrx_word' id='word_1_648' title='bbox 623 4705 810 4762; x_wconf 75' lang='lat' dir='ltr'><strong>baereticorum</strong></span> <span class='ocrx_word' id='word_1_649' title='bbox 825 4708 922 4776; x_wconf 91' lang='lat' dir='ltr'><strong>priuci-</strong></span> <span class='ocrx_word' id='word_1_650' title='bbox 957 4775 959 4779; x_wconf 6' lang='grc' dir='ltr'><strong>ἲ</strong></span> 
     </span>
    </p>
   </div>
   <div class='ocr_carea' id='block_1_15' title="bbox 119 4789 923 5412">
    <p class='ocr_par' dir='ltr' id='par_1_16' title="bbox 119 4789 923 5412">
     <span class='ocr_line' id='line_1_92' title="bbox 119 4789 923 4867; baseline 0 -16"><span class='ocrx_word' id='word_1_651' title='bbox 119 4789 193 4867; x_wconf 55' lang='lat' dir='ltr'><strong>&#39;pom</strong></span> <span class='ocrx_word' id='word_1_652' title='bbox 211 4797 287 4867; x_wconf 83' lang='lat' dir='ltr'><strong>jussu</strong></span> <span class='ocrx_word' id='word_1_653' title='bbox 303 4795 426 4865; x_wconf 78' lang='lat' dir='ltr'><strong>expulsi,</strong></span> <span class='ocrx_word' id='word_1_654' title='bbox 440 4795 467 4850; x_wconf 92' lang='lat' dir='ltr'><strong>in</strong></span> <span class='ocrx_word' id='word_1_655' title='bbox 482 4795 647 4851; x_wconf 80' lang='lat' dir='ltr'><strong>Francorum</strong></span> <span class='ocrx_word' id='word_1_656' title='bbox 659 4813 770 4867; x_wconf 88' lang='lat' dir='ltr'><strong>regnum</strong></span> <span class='ocrx_word' id='word_1_657' title='bbox 787 4798 923 4853; x_wconf 87' lang='lat' dir='ltr'><strong>&#39;acrcdco-</strong></span> 
     </span>
     <span class='ocr_line' id='line_1_93' title="bbox 131 4886 922 4958; baseline -0.001 -15"><span class='ocrx_word' id='word_1_658' title='bbox 131 4898 181 4951; x_wconf 87' lang='lat' dir='ltr'><strong>tes,</strong></span> <span class='ocrx_word' id='word_1_659' title='bbox 197 4887 311 4943; x_wconf 85' lang='lat' dir='ltr'><strong>viduatis</strong></span> <span class='ocrx_word' id='word_1_660' title='bbox 327 4886 453 4943; x_wconf 87' lang='lat' dir='ltr'><strong>licclesiis</strong></span> <span class='ocrx_word' id='word_1_661' title='bbox 465 4887 591 4957; x_wconf 59' lang='lat' dir='ltr'><strong>‘praetorui</strong></span> <span class='ocrx_word' id='word_1_662' title='bbox 612 4888 703 4954; x_wconf 79' lang='lat' dir='ltr'><strong>lasere,</strong></span> <span class='ocrx_word' id='word_1_663' title='bbox 723 4889 794 4946; x_wconf 89' lang='lat' dir='ltr'><strong>oood</strong></span> <span class='ocrx_word' id='word_1_664' title='bbox 815 4905 922 4958; x_wconf 83' lang='lat' dir='ltr'><strong>seraper</strong></span> 
     </span>
     <span class='ocr_line' id='line_1_94' title="bbox 132 4978 922 5050; baseline 0 -15"><span class='ocrx_word' id='word_1_665' title='bbox 132 4980 290 5050; x_wconf 85' lang='lat' dir='ltr'><strong>approbarit</strong></span> <span class='ocrx_word' id='word_1_666' title='bbox 304 4978 434 5036; x_wconf 82' lang='lat' dir='ltr'><strong>Ecclesia.</strong></span> <span class='ocrx_word' id='word_1_667' title='bbox 450 4979 625 5050; x_wconf 84' lang='lat' dir='ltr'><strong>coadjutores</strong></span> <span class='ocrx_word' id='word_1_668' title='bbox 645 4979 798 5035; x_wconf 82' lang='lat' dir='ltr'><strong>virentibus</strong></span> <span class='ocrx_word' id='word_1_669' title='bbox 822 4980 922 5035; x_wconf 87' lang='lat' dir='ltr'><strong>substi-</strong></span> 
     </span>
     <span class='ocr_line' id='line_1_95' title="bbox 132 5069 923 5143; baseline -0.004 -15"><span class='ocrx_word' id='word_1_670' title='bbox 132 5073 181 5128; x_wconf 91' lang='lat' dir='ltr'><strong>tuti</strong></span> <span class='ocrx_word' id='word_1_671' title='bbox 208 5070 329 5127; x_wconf 87' lang='lat' dir='ltr'><strong>nounulli</strong></span> <span class='ocrx_word' id='word_1_672' title='bbox 355 5080 517 5134; x_wconf 88' lang='lat' dir='ltr'><strong>occurrunt,</strong></span> <span class='ocrx_word' id='word_1_673' title='bbox 541 5072 585 5141; x_wconf 91' lang='lat' dir='ltr'><strong>qui</strong></span> <span class='ocrx_word' id='word_1_674' title='bbox 601 5071 643 5126; x_wconf 89' lang='lat' dir='ltr'><strong>rel</strong></span> <span class='ocrx_word' id='word_1_675' title='bbox 659 5087 751 5143; x_wconf 86' lang='lat' dir='ltr'><strong>regom</strong></span> <span class='ocrx_word' id='word_1_676' title='bbox 763 5069 864 5138; x_wconf 83' lang='lat' dir='ltr'><strong>larore,</strong></span> <span class='ocrx_word' id='word_1_677' title='bbox 881 5069 923 5125; x_wconf 86' lang='lat' dir='ltr'><strong>vol</strong></span> 
     </span>
     <span class='ocr_line' id='line_1_96' title="bbox 130 5159 922 5232; baseline -0.008 -14"><span class='ocrx_word' id='word_1_678' title='bbox 130 5163 182 5218; x_wconf 88' lang='lat' dir='ltr'><strong>alia</strong></span> <span class='ocrx_word' id='word_1_679' title='bbox 198 5163 291 5232; x_wconf 83' lang='lat' dir='ltr'><strong>quatis</strong></span> <span class='ocrx_word' id='word_1_680' title='bbox 305 5177 339 5217; x_wconf 83' lang='lat' dir='ltr'><strong>ex</strong></span> <span class='ocrx_word' id='word_1_681' title='bbox 356 5175 518 5227; x_wconf 72' lang='lat' dir='ltr'><strong>causacum</strong></span> <span class='ocrx_word' id='word_1_682' title='bbox 533 5175 580 5230; x_wconf 89' lang='lat' dir='ltr'><strong>spe</strong></span> <span class='ocrx_word' id='word_1_683' title='bbox 593 5160 626 5215; x_wconf 89' lang='lat' dir='ltr'><strong>ad</strong></span> <span class='ocrx_word' id='word_1_684' title='bbox 641 5160 755 5230; x_wconf 87' lang='lat' dir='ltr'><strong>aliquam</strong></span> <span class='ocrx_word' id='word_1_685' title='bbox 774 5159 922 5213; x_wconf 77' lang='lat' dir='ltr'><strong>Ecclesiam</strong></span> 
     </span>
     <span class='ocr_line' id='line_1_97' title="bbox 131 5247 923 5321; baseline -0.009 -12"><span class='ocrx_word' id='word_1_686' title='bbox 131 5255 304 5321; x_wconf 85' lang='lat' dir='ltr'><strong>srtccedendi,</strong></span> <span class='ocrx_word' id='word_1_687' title='bbox 320 5252 434 5309; x_wconf 88' lang='lat' dir='ltr'><strong>ordinati</strong></span> <span class='ocrx_word' id='word_1_688' title='bbox 448 5252 572 5315; x_wconf 87' lang='lat' dir='ltr'><strong>luerunt;</strong></span> <span class='ocrx_word' id='word_1_689' title='bbox 588 5259 616 5305; x_wconf 91' lang='lat' dir='ltr'><strong>at</strong></span> <span class='ocrx_word' id='word_1_690' title='bbox 626 5266 679 5304; x_wconf 91' lang='lat' dir='ltr'><strong>uon</strong></span> <span class='ocrx_word' id='word_1_691' title='bbox 694 5264 772 5316; x_wconf 86' lang='lat' dir='ltr'><strong>vano,</strong></span> <span class='ocrx_word' id='word_1_692' title='bbox 798 5259 827 5302; x_wconf 95' lang='lat' dir='ltr'><strong>ut</strong></span> <span class='ocrx_word' id='word_1_693' title='bbox 843 5247 923 5302; x_wconf 68' lang='lat' dir='ltr'><strong>bodie</strong></span> 
     </span>
     <span class='ocr_line' id='line_1_98' title="bbox 133 5336 921 5412; baseline -0.01 -12"><span class='ocrx_word' id='word_1_694' title='bbox 133 5347 172 5411; x_wconf 91' lang='lat' dir='ltr'><strong>llt,</strong></span> <span class='ocrx_word' id='word_1_695' title='bbox 188 5345 274 5409; x_wconf 92' lang='lat' dir='ltr'><strong>titolo,</strong></span> <span class='ocrx_word' id='word_1_696' title='bbox 291 5359 376 5412; x_wconf 88' lang='lat' dir='ltr'><strong>neque</strong></span> <span class='ocrx_word' id='word_1_697' title='bbox 390 5344 416 5398; x_wconf 92' lang='lat' dir='ltr'><strong>in</strong></span> <span class='ocrx_word' id='word_1_698' title='bbox 432 5358 461 5399; x_wconf 90' lang='lat' dir='ltr'><strong>ea</strong></span> <span class='ocrx_word' id='word_1_699' title='bbox 476 5343 531 5411; x_wconf 86' lang='lat' dir='ltr'><strong>ipsa</strong></span> <span class='ocrx_word' id='word_1_700' title='bbox 545 5341 673 5404; x_wconf 84' lang='lat' dir='ltr'><strong>Ecclesia,</strong></span> <span class='ocrx_word' id='word_1_701' title='bbox 688 5354 766 5410; x_wconf 87' lang='lat' dir='ltr'><strong>quarn</strong></span> <span class='ocrx_word' id='word_1_702' title='bbox 778 5336 921 5408; x_wconf 88' lang='lat' dir='ltr'><strong>aliquando</strong></span> 
     </span>
    </p>
   </div>
   <div class='ocr_carea' id='block_1_16' title="bbox 974 4606 1769 5131">
    <p class='ocr_par' dir='ltr' id='par_1_17' title="bbox 974 4606 1769 5131">
     <span class='ocr_line' id='line_1_99' title="bbox 977 4606 1767 4680; baseline 0.005 -18"><span class='ocrx_word' id='word_1_703' title='bbox 977 4606 1240 4680; x_wconf 85' lang='lat' dir='ltr'><strong>reprehensusloit,</strong></span> <span class='ocrx_word' id='word_1_704' title='bbox 1257 4609 1329 4680; x_wconf 86' lang='lat' dir='ltr'><strong>quod</strong></span> <span class='ocrx_word' id='word_1_705' title='bbox 1352 4624 1409 4666; x_wconf 88' lang='lat' dir='ltr'><strong>rem</strong></span> <span class='ocrx_word' id='word_1_706' title='bbox 1433 4610 1502 4666; x_wconf 85' lang='lat' dir='ltr'><strong>adeo</strong></span> <span class='ocrx_word' id='word_1_707' title='bbox 1526 4610 1661 4666; x_wconf 89' lang='lat' dir='ltr'><strong>insolitam</strong></span> <span class='ocrx_word' id='word_1_708' title='bbox 1685 4620 1767 4666; x_wconf 85' lang='lat' dir='ltr'><strong>extra</strong></span> 
     </span>
     <span class='ocr_line' id='line_1_100' title="bbox 975 4698 1759 4772; baseline 0.006 -20"><span class='ocrx_word' id='word_1_709' title='bbox 975 4698 1151 4754; x_wconf 81' lang='lat' dir='ltr'><strong>soaciritatis</strong></span> <span class='ocrx_word' id='word_1_710' title='bbox 1160 4707 1188 4756; x_wconf 90' lang='lat' dir='ltr'><strong>et</strong></span> <span class='ocrx_word' id='word_1_711' title='bbox 1198 4700 1342 4769; x_wconf 74' lang='lat' dir='ltr'><strong>provincie</strong></span> <span class='ocrx_word' id='word_1_712' title='bbox 1353 4702 1483 4757; x_wconf 89' lang='lat' dir='ltr'><strong>terminos</strong></span> <span class='ocrx_word' id='word_1_713' title='bbox 1497 4699 1592 4757; x_wconf 76' lang='lat' dir='ltr'><strong>luisset</strong></span> <span class='ocrx_word' id='word_1_714' title='bbox 1604 4715 1759 4772; x_wconf 88' lang='lat' dir='ltr'><strong>aggressus.</strong></span> 
     </span>
     <span class='ocr_line' id='line_1_101' title="bbox 977 4790 1769 4862; baseline -0.001 -17"><span class='ocrx_word' id='word_1_715' title='bbox 977 4791 1009 4845; x_wconf 70' lang='lat' dir='ltr'><strong>lit</strong></span> <span class='ocrx_word' id='word_1_716' title='bbox 1023 4790 1133 4856; x_wconf 90' lang='lat' dir='ltr'><strong>merito,</strong></span> <span class='ocrx_word' id='word_1_717' title='bbox 1149 4805 1210 4846; x_wconf 84' lang='lat' dir='ltr'><strong>eom</strong></span> <span class='ocrx_word' id='word_1_718' title='bbox 1226 4805 1261 4846; x_wconf 89' lang='lat' dir='ltr'><strong>ne</strong></span> <span class='ocrx_word' id='word_1_719' title='bbox 1275 4791 1301 4846; x_wconf 90' lang='lat' dir='ltr'><strong>id</strong></span> <span class='ocrx_word' id='word_1_720' title='bbox 1316 4791 1424 4862; x_wconf 87' lang='lat' dir='ltr'><strong>quidem</strong></span> <span class='ocrx_word' id='word_1_721' title='bbox 1438 4792 1488 4860; x_wconf 90' lang='lat' dir='ltr'><strong>ipsi</strong></span> <span class='ocrx_word' id='word_1_722' title='bbox 1503 4792 1596 4847; x_wconf 87' lang='lat' dir='ltr'><strong>liceret</strong></span> <span class='ocrx_word' id='word_1_723' title='bbox 1606 4807 1639 4847; x_wconf 83' lang='lat' dir='ltr'><strong>ex</strong></span> <span class='ocrx_word' id='word_1_724' title='bbox 1651 4800 1769 4861; x_wconf 64' lang='lat' dir='ltr'><strong>aposto:</strong></span> 
     </span>
     <span class='ocr_line' id='line_1_102' title="bbox 975 4878 1765 4951; baseline 0.004 -18"><span class='ocrx_word' id='word_1_725' title='bbox 975 4878 1033 4934; x_wconf 72' lang='lat' dir='ltr'><strong>licre</strong></span> <span class='ocrx_word' id='word_1_726' title='bbox 1044 4879 1116 4936; x_wconf 88' lang='lat' dir='ltr'><strong>sedis</strong></span> <span class='ocrx_word' id='word_1_727' title='bbox 1127 4878 1255 4936; x_wconf 77' lang='lat' dir='ltr'><strong>vicariatu</strong></span> <span class='ocrx_word' id='word_1_728' title='bbox 1266 4880 1322 4937; x_wconf 88' lang='lat' dir='ltr'><strong>sedi</strong></span> <span class='ocrx_word' id='word_1_729' title='bbox 1334 4895 1390 4936; x_wconf 80' lang='lat' dir='ltr'><strong>sua</strong></span> <span class='ocrx_word' id='word_1_730' title='bbox 1398 4881 1468 4937; x_wconf 88' lang='lat' dir='ltr'><strong>beati</strong></span> <span class='ocrx_word' id='word_1_731' title='bbox 1482 4881 1592 4951; x_wconf 80' lang='lat' dir='ltr'><strong>Remigii</strong></span> <span class='ocrx_word' id='word_1_732' title='bbox 1600 4881 1765 4950; x_wconf 87' lang='lat' dir='ltr'><strong>tenrporibus</strong></span> 
     </span>
     <span class='ocr_line' id='line_1_103' title="bbox 974 4970 1765 5043; baseline -0.001 -18"><span class='ocrx_word' id='word_1_733' title='bbox 974 4985 1119 5038; x_wconf 90' lang='lat' dir='ltr'><strong>concesao;</strong></span> <span class='ocrx_word' id='word_1_734' title='bbox 1132 4971 1155 5026; x_wconf 92' lang='lat' dir='ltr'><strong>si</strong></span> <span class='ocrx_word' id='word_1_735' title='bbox 1171 4971 1280 5042; x_wconf 89' lang='lat' dir='ltr'><strong>quidem</strong></span> <span class='ocrx_word' id='word_1_736' title='bbox 1293 4970 1426 5042; x_wconf 80' lang='lat' dir='ltr'><strong>ejasruodi</strong></span> <span class='ocrx_word' id='word_1_737' title='bbox 1441 4972 1583 5043; x_wconf 78' lang='lat' dir='ltr'><strong>privilegia</strong></span> <span class='ocrx_word' id='word_1_738' title='bbox 1599 4973 1706 5028; x_wconf 88' lang='lat' dir='ltr'><strong>nonnisi</strong></span> <span class='ocrx_word' id='word_1_739' title='bbox 1725 4972 1765 5025; x_wconf 87' lang='lat' dir='ltr'><strong>in·</strong></span> 
     </span>
     <span class='ocr_line' id='line_1_104' title="bbox 975 5060 1763 5131; baseline -0.001 -16"><span class='ocrx_word' id='word_1_740' title='bbox 975 5061 1058 5128; x_wconf 76' lang='lat' dir='ltr'><strong>tegris</strong></span> <span class='ocrx_word' id='word_1_741' title='bbox 1074 5075 1105 5116; x_wconf 87' lang='lat' dir='ltr'><strong>ac</strong></span> <span class='ocrx_word' id='word_1_742' title='bbox 1122 5061 1479 5131; x_wconf 85' lang='lat' dir='ltr'><strong>salvismetropolitanorum</strong></span> <span class='ocrx_word' id='word_1_743' title='bbox 1500 5060 1606 5130; x_wconf 84' lang='lat' dir='ltr'><strong>juribus</strong></span> <span class='ocrx_word' id='word_1_744' title='bbox 1630 5061 1763 5115; x_wconf 87' lang='lat' dir='ltr'><strong>concede·</strong></span> 
     </span>
    </p>
   </div>
   <div class='ocr_carea' id='block_1_17' title="bbox 974 5149 1763 5311">
    <p class='ocr_par' dir='ltr' id='par_1_18' title="bbox 974 5149 1763 5311">
     <span class='ocr_line' id='line_1_105' title="bbox 974 5149 1763 5220; baseline -0.004 -12"><span class='ocrx_word' id='word_1_745' title='bbox 974 5153 1080 5208; x_wconf 90' lang='lat' dir='ltr'><strong>bantur.</strong></span> <span class='ocrx_word' id='word_1_746' title='bbox 1096 5149 1174 5208; x_wconf 86' lang='lat' dir='ltr'><strong>Unde</strong></span> <span class='ocrx_word' id='word_1_747' title='bbox 1187 5154 1261 5208; x_wconf 86' lang='lat' dir='ltr'><strong>brcri</strong></span> <span class='ocrx_word' id='word_1_748' title='bbox 1276 5153 1374 5209; x_wconf 87' lang='lat' dir='ltr'><strong>cecidit</strong></span> <span class='ocrx_word' id='word_1_749' title='bbox 1386 5151 1430 5207; x_wconf 92' lang='lat' dir='ltr'><strong>illa</strong></span> <span class='ocrx_word' id='word_1_750' title='bbox 1445 5151 1578 5207; x_wconf 85' lang='lat' dir='ltr'><strong>bonensis</strong></span> <span class='ocrx_word' id='word_1_751' title='bbox 1592 5152 1763 5220; x_wconf 87' lang='lat' dir='ltr'><strong>episcopatus</strong></span> 
     </span>
     <span class='ocr_line' id='line_1_106' title="bbox 974 5238 1763 5311; baseline -0.01 -15"><span class='ocrx_word' id='word_1_752' title='bbox 974 5241 1093 5308; x_wconf 88' lang='lat' dir='ltr'><strong>erectio,</strong></span> <span class='ocrx_word' id='word_1_753' title='bbox 1109 5256 1169 5311; x_wconf 82' lang='lat' dir='ltr'><strong>quar</strong></span> <span class='ocrx_word' id='word_1_754' title='bbox 1187 5249 1280 5295; x_wconf 89' lang='lat' dir='ltr'><strong>contra</strong></span> <span class='ocrx_word' id='word_1_755' title='bbox 1301 5254 1431 5296; x_wconf 83' lang='lat' dir='ltr'><strong>munuum</strong></span> <span class='ocrx_word' id='word_1_756' title='bbox 1450 5239 1516 5293; x_wconf 88' lang='lat' dir='ltr'><strong>scita</strong></span> <span class='ocrx_word' id='word_1_757' title='bbox 1537 5238 1682 5293; x_wconf 89' lang='lat' dir='ltr'><strong>temerario</strong></span> <span class='ocrx_word' id='word_1_758' title='bbox 1699 5252 1763 5291; x_wconf 87' lang='lat' dir='ltr'><strong>aoso</strong></span> 
     </span>
    </p>
   </div>
   <div class='ocr_carea' id='block_1_18' title="bbox 974 5326 1762 5405">
    <p class='ocr_par' dir='ltr' id='par_1_19' title="bbox 974 5326 1762 5405">
     <span class='ocr_line' id='line_1_107' title="bbox 974 5326 1762 5405; baseline -0.01 -18"><span class='ocrx_word' id='word_1_759' title='bbox 974 5332 1043 5387; x_wconf 89' lang='lat' dir='ltr'><strong>lacta</strong></span> <span class='ocrx_word' id='word_1_760' title='bbox 1059 5330 1164 5396; x_wconf 87' lang='lat' dir='ltr'><strong>loerat;</strong></span> <span class='ocrx_word' id='word_1_761' title='bbox 1180 5331 1257 5386; x_wconf 89' lang='lat' dir='ltr'><strong>stetit</strong></span> <span class='ocrx_word' id='word_1_762' title='bbox 1270 5344 1345 5396; x_wconf 82' lang='lat' dir='ltr'><strong>vero,</strong></span> <span class='ocrx_word' id='word_1_763' title='bbox 1363 5328 1497 5405; x_wconf 79' lang='lat' dir='ltr'><strong>hodieque</strong></span> <span class='ocrx_word' id='word_1_764' title='bbox 1516 5326 1645 5397; x_wconf 89' lang='lat' dir='ltr'><strong>perdurat</strong></span> <span class='ocrx_word' id='word_1_765' title='bbox 1655 5326 1762 5383; x_wconf 89' lang='lat' dir='ltr'><strong>Lauda·</strong></span> 
     </span>
    </p>
   </div>
   <div class='ocr_carea' id='block_1_19' title="bbox 130 5414 1763 5780">
    <p class='ocr_par' dir='ltr' id='par_1_20' title="bbox 130 5414 1763 5780">
     <span class='ocr_line' id='line_1_108' title="bbox 130 5414 1763 5505; baseline -0.013 -13"><span class='ocrx_word' id='word_1_766' title='bbox 130 5446 223 5502; x_wconf 79' lang='lat' dir='ltr'><strong>essent</strong></span> <span class='ocrx_word' id='word_1_767' title='bbox 233 5435 354 5505; x_wconf 88' lang='lat' dir='ltr'><strong>adepturi</strong></span> <span class='ocrx_word' id='word_1_768' title='bbox 366 5435 567 5498; x_wconf 86' lang='lat' dir='ltr'><strong>ordinabantur,</strong></span> <span class='ocrx_word' id='word_1_769' title='bbox 580 5431 627 5487; x_wconf 89' lang='lat' dir='ltr'><strong>sed</strong></span> <span class='ocrx_word' id='word_1_770' title='bbox 647 5431 722 5505; x_wconf 78' lang='lat' dir='ltr'><strong>quasi</strong></span> <span class='ocrx_word' id='word_1_771' title='bbox 737 5429 797 5484; x_wconf 83' lang='lat' dir='ltr'><strong>nori</strong></span> <span class='ocrx_word' id='word_1_772' title='bbox 817 5429 922 5498; x_wconf 87' lang='lat' dir='ltr'><strong>cpisco·</strong></span> <span class='ocrx_word' id='word_1_773' title='bbox 972 5426 1064 5481; x_wconf 86' lang='lat' dir='ltr'><strong>nensis</strong></span> <span class='ocrx_word' id='word_1_774' title='bbox 1079 5424 1198 5479; x_wconf 82' lang='lat' dir='ltr'><strong>Ecclesia</strong></span> <span class='ocrx_word' id='word_1_775' title='bbox 1213 5439 1228 5478; x_wconf 92' lang='lat' dir='ltr'><strong>a</strong></span> <span class='ocrx_word' id='word_1_776' title='bbox 1243 5419 1608 5490; x_wconf 85' lang='lat' dir='ltr'><strong>sauctollemigioinstitota,</strong></span> <span class='ocrx_word' id='word_1_777' title='bbox 1620 5418 1691 5489; x_wconf 88' lang='lat' dir='ltr'><strong>qnod</strong></span> <span class='ocrx_word' id='word_1_778' title='bbox 1704 5414 1763 5487; x_wconf 80' lang='lat' dir='ltr'><strong>ipse</strong></span> 
     </span>
     <span class='ocr_line' id='line_1_109' title="bbox 131 5509 1763 5598; baseline -0.011 -17"><span class='ocrx_word' id='word_1_779' title='bbox 131 5540 210 5598; x_wconf 80' lang='lat' dir='ltr'><strong>patris</strong></span> <span class='ocrx_word' id='word_1_780' title='bbox 224 5527 378 5591; x_wconf 85' lang='lat' dir='ltr'><strong>erectione,</strong></span> <span class='ocrx_word' id='word_1_781' title='bbox 396 5526 422 5581; x_wconf 91' lang='lat' dir='ltr'><strong>in</strong></span> <span class='ocrx_word' id='word_1_782' title='bbox 434 5527 523 5595; x_wconf 90' lang='lat' dir='ltr'><strong>aliquo</strong></span> <span class='ocrx_word' id='word_1_783' title='bbox 541 5525 635 5578; x_wconf 82' lang='lat' dir='ltr'><strong>loturae</strong></span> <span class='ocrx_word' id='word_1_784' title='bbox 647 5537 703 5577; x_wconf 63' lang='lat' dir='ltr'><strong>sore</strong></span> <span class='ocrx_word' id='word_1_785' title='bbox 714 5520 864 5575; x_wconf 76' lang='lat' dir='ltr'><strong>dioceseos</strong></span> <span class='ocrx_word' id='word_1_786' title='bbox 877 5534 921 5574; x_wconf 89' lang='lat' dir='ltr'><strong>ca·</strong></span> <span class='ocrx_word' id='word_1_787' title='bbox 973 5519 999 5574; x_wconf 89' lang='lat' dir='ltr'><strong>in</strong></span> <span class='ocrx_word' id='word_1_788' title='bbox 1008 5511 1605 5577; x_wconf 76' lang='lat' dir='ltr'><strong>straditecescoscastrocoustituens,nerraini</strong></span> <span class='ocrx_word' id='word_1_789' title='bbox 1616 5509 1763 5581; x_wconf 78' lang='lat' dir='ltr'><strong>irrogasiet</strong></span> 
     </span>
     <span class='ocr_line' id='line_1_110' title="bbox 130 5597 1758 5684; baseline -0.015 -9"><span class='ocrx_word' id='word_1_790' title='bbox 130 5632 188 5675; x_wconf 90' lang='lat' dir='ltr'><strong>stro</strong></span> <span class='ocrx_word' id='word_1_791' title='bbox 203 5618 329 5674; x_wconf 85' lang='lat' dir='ltr'><strong>sed-bant</strong></span> <span class='ocrx_word' id='word_1_792' title='bbox 339 5656 347 5682; x_wconf 94' lang='lat'><strong>,</strong></span> <span class='ocrx_word' id='word_1_793' title='bbox 359 5631 420 5672; x_wconf 88' lang='lat' dir='ltr'><strong>cuur</strong></span> <span class='ocrx_word' id='word_1_794' title='bbox 440 5615 575 5684; x_wconf 86' lang='lat' dir='ltr'><strong>assignata</strong></span> <span class='ocrx_word' id='word_1_795' title='bbox 590 5611 642 5668; x_wconf 89' lang='lat' dir='ltr'><strong>sibi</strong></span> <span class='ocrx_word' id='word_1_796' title='bbox 664 5612 690 5664; x_wconf 91' lang='lat' dir='ltr'><strong>in</strong></span> <span class='ocrx_word' id='word_1_797' title='bbox 706 5609 806 5665; x_wconf 80' lang='lat' dir='ltr'><strong>uicinos</strong></span> <span class='ocrx_word' id='word_1_798' title='bbox 821 5607 922 5678; x_wconf 90' lang='lat' dir='ltr'><strong>aliquot</strong></span> <span class='ocrx_word' id='word_1_799' title='bbox 972 5607 1108 5679; x_wconf 84' lang='lat' dir='ltr'><strong>irrjuriam.</strong></span> <span class='ocrx_word' id='word_1_800' title='bbox 1129 5607 1232 5661; x_wconf 83' lang='lat' dir='ltr'><strong>llorum</strong></span> <span class='ocrx_word' id='word_1_801' title='bbox 1248 5605 1310 5659; x_wconf 84' lang='lat' dir='ltr'><strong>itero</strong></span> <span class='ocrx_word' id='word_1_802' title='bbox 1326 5605 1509 5674; x_wconf 77' lang='lat' dir='ltr'><strong>epicopium</strong></span> <span class='ocrx_word' id='word_1_803' title='bbox 1527 5605 1553 5656; x_wconf 89' lang='lat' dir='ltr'><strong>iu</strong></span> <span class='ocrx_word' id='word_1_804' title='bbox 1574 5610 1663 5656; x_wconf 81' lang='lat' dir='ltr'><strong>castro</strong></span> <span class='ocrx_word' id='word_1_805' title='bbox 1677 5597 1758 5653; x_wconf 84' lang='lat' dir='ltr'><strong>blelo·</strong></span> 
     </span>
     <span class='ocr_line' id='line_1_111' title="bbox 130 5685 1756 5780; baseline -0.018 -16"><span class='ocrx_word' id='word_1_806' title='bbox 130 5713 206 5766; x_wconf 82' lang='lat' dir='ltr'><strong>ricus</strong></span> <span class='ocrx_word' id='word_1_807' title='bbox 221 5708 419 5780; x_wconf 78' lang='lat' dir='ltr'><strong>iurisdictione.</strong></span> <span class='ocrx_word' id='word_1_808' title='bbox 439 5706 485 5764; x_wconf 84' lang='lat' dir='ltr'><strong>Sic</strong></span> <span class='ocrx_word' id='word_1_809' title='bbox 500 5704 671 5762; x_wconf 82' lang='lat' dir='ltr'><strong>blundericos</strong></span> <span class='ocrx_word' id='word_1_810' title='bbox 693 5699 764 5767; x_wconf 82' lang='lat' dir='ltr'><strong>apud</strong></span> <span class='ocrx_word' id='word_1_811' title='bbox 779 5699 920 5757; x_wconf 85' lang='lat' dir='ltr'><strong>l&#39;oruodo·</strong></span> <span class='ocrx_word' id='word_1_812' title='bbox 972 5696 1086 5759; x_wconf 86' lang='lat' dir='ltr'><strong>dunensi</strong></span> <span class='ocrx_word' id='word_1_813' title='bbox 1100 5694 1264 5753; x_wconf 86' lang='lat' dir='ltr'><strong>corratitoere</strong></span> <span class='ocrx_word' id='word_1_814' title='bbox 1278 5699 1426 5750; x_wconf 81' lang='lat' dir='ltr'><strong>teutatet&#39;tl</strong></span> <span class='ocrx_word' id='word_1_815' title='bbox 1440 5706 1488 5751; x_wconf 82' lang='lat' dir='ltr'><strong>rer</strong></span> <span class='ocrx_word' id='word_1_816' title='bbox 1499 5688 1688 5749; x_wconf 83' lang='lat' dir='ltr'><strong>cbibloberun</strong></span> <span class='ocrx_word' id='word_1_817' title='bbox 1704 5685 1756 5761; x_wconf 77' lang='lat' dir='ltr'><strong>prt-</strong></span> 
     </span>
    </p>
   </div>
   <div class='ocr_carea' id='block_1_20' title="bbox 0 0 1902 6128">
    <p class='ocr_par' dir='ltr' id='par_1_21' title="bbox 0 0 1902 6128">
     <span class='ocr_line' id='line_1_112' title="bbox 0 0 1902 6128; baseline 0 0"><span class='ocrx_word' id='word_1_818' title='bbox 0 0 1902 6128; x_wconf 95' lang='lat' dir='ltr'><strong> </strong></span> 
     </span>
    </p>
   </div>
  </div>
 </body>
</html>
