3794 6128
153 300 205 362 {iii
642 298 677 357 S.
697 297 861 356 uusuoutt
881 297 1033 355 eruceri
1054 297 1268 356 TURONENSiS
1732 293 1786 352 {iil

152 410 287 473 allectum.
299 408 441 465 infeliciter
455 414 626 473 occurerunt.
639 407 812 466 Grindionein
824 424 941 480 quoque,
957 415 981 470 Α
996 421 1108 478 amois,
1125 420 1263 479 reperiunt
1279 417 1305 463 et
1320 407 1426 462 tertiani
1446 405 1597 477 :iussitque
1616 405 1673 476 elus
1686 418 1713 462 ιι
1729 408 1787 464 baee

153 505 283 559 intertum
295 512 370 568 rotas,
383 503 410 556 iu
422 501 535 556 sublime
549 500 728 569 sustuleruut;
742 503 909 558 Guciliouem
918 513 942 570 ι,
995 500 1125 557 aufertur.
1140 504 1197 568 Qua
1210 502 1315 566 oblatu,
1333 500 1470 555 inveniunt
1486 514 1609 570 magnum
1625 501 1783 554 tbesauruiu

154 593 200 658 qui
216 591 348 661 quondam
364 606 454 647 coines
479 592 568 660 palatii
595 593 720 662 sigiberti
748 594 820 663 regis
848 595 943 663 literat,
996 592 1138 648 habentem
1154 609 1234 662 supra
1250 593 1322 646 tuille
1337 594 1395 646 auri
1411 592 1574 645 eenteurria.
1592 591 1787 660 Sublatumque

153 682 275 742 abscisso
286 683 374 752 capite
389 683 589 745 interfecerunt.
603 683 693 739 Sedet
707 683 775 739 aiios
790 683 886 739 multos
900 684 945 752 qui
995 697 1101 750 aurum,
1119 685 1280 753 pniipertbus
1294 683 1380 737 adhue
1392 682 1582 746 abundantius,
1594 692 1623 735 ut
1637 697 1787 736 consuere-

153 788 214 828 runi
228 775 323 829 eodeni
337 783 475 840 uenerant,
490 775 592 830 erudeli
607 790 674 831 uece
686 777 799 831 diversis
814 776 945 831 mortibus
995 782 1047 838 riu,
1060 775 1243 828 subministrat
1268 792 1275 826 :
1296 789 1346 828 nee
1368 775 1392 827 ei
1415 774 1542 826 Dominus
1557 771 1656 839 aliquid
1669 771 1788 827 delicere

153 862 310 921 euenerunt.
331 864 520 931 loquebantur
534 868 614 921 etiam
631 875 693 921 tuuc
707 865 839 931 homiues,
853 867 880 921 iii
895 866 945 920 buc
996 863 1083 918 iecit‘
1098 880 1145 932 pro
1161 864 1229 918 bona
1242 865 1380 919 ioluntute
1393 879 1451 917 sun.
1465 861 1533 928 Quid
1555 862 1579 914 ei
1604 863 1629 914 iii
1650 871 1786 930 pusteruui
1827 881 1829 883 >

153 954 381 1011 circumventione
392 956 513 1026 Egiilium
528 953 542 994 l
558 958 713 1027 episcopum
727 967 755 1013 et
769 957 946 1012 Guutcbram-
997 954 1126 1008 Dominus
1142 956 1334 1017 transmiserit,
1351 969 1403 1008 nou
1417 955 1549 1006 oinittuiu.
1560 951 1660 1006 Narses
1673 952 1719 1006 ille
1732 954 1785 1006 dux

156 1060 219 1099 nuru
232 1045 361 1100 Rusonem
374 1044 458 1102 luisse
470 1048 615 1102 monimum
626 1057 715 1118 caput,
730 1063 763 1104 eo
777 1049 846 1118 quod
859 1048 945 1103 Giiut·
997 1042 1080 1099 ltaliae
1096 1042 1118 1109 l,
1133 1058 1194 1098 cunt
1219 1043 1246 1098 iu
1268 1045 1382 1114 quadum
1405 1044 1513 1097 civitate
1532 1042 1641 1096 dumuiu
1663 1057 1787 1112 magnam

154 1134 298 1195 strennus
314 1135 497 1206 Fredeguudis
513 1138 613 1208 reginae
635 1139 746 1194 occultis
760 1138 885 1194 amicitiis
899 1152 946 1207 po·
997 1135 1125 1201 liaberet,
1140 1133 1168 1189 iu
1183 1133 1283 1189 trauain
1299 1149 1359 1189 eum
1376 1132 1467 1187 multis
1480 1132 1612 1187 thesauris
1626 1147 1749 1201 egressus
1761 1141 1785 1202 c⁸

154 1226 249 1281 litetur
266 1240 315 1297 pru
337 1228 523 1286 interiectione
533 1230 730 1296 Tbeodoberti;
747 1230 857 1301 Egidius
869 1244 944 1298 iero,
996 1225 1030 1279 ad
1040 1239 1121 1296 supra
1135 1235 1309 1280 memoratam
1324 1226 1416 1280 urbem
1428 1224 1536 1279 aduenit
1547 1241 1553 1276 :
1566 1222 1656 1293 ibique
1668 1225 1694 1278 iii
1708 1225 1787 1277 dinuo

130 1337 134 1360 ι
155 1318 226 1386 quod
242 1319 265 1372 ei
278 1319 332 1389 jani
347 1319 427 1390 longo
440 1331 559 1388 ternpore
572 1331 646 1378 esset
657 1337 747 1377 carus.
996 1332 1044 1373 sua
1063 1316 1169 1372 occuito
1191 1316 1334 1370 cisternam
1357 1330 1479 1384 maguam
1503 1313 1585 1378 ludit,
1599 1316 1624 1367 iii
1639 1329 1690 1383 qua
1705 1313 1786 1368 inuita

193 1407 252 1464 XX.
273 1408 340 1464 Cutu
368 1421 456 1465 autein
487 1410 609 1467 lustinus
636 1413 782 1483 imperator
801 1422 824 1479 ι,
846 1412 946 1468 amisso
996 1406 1079 1463 millia
1091 1406 1306 1462 centenariorum
1317 1407 1376 1460 auri
1387 1406 1466 1477 231
1481 1404 1637 1474 argentique
1650 1405 1786 1474 reposuit:

122 1519 138 1578 ¹,
157 1512 258 1566 seusu,
273 1514 367 1554 ametis
381 1500 491 1556 ellectus
504 1511 593 1569 esset,
606 1513 633 1558 et
648 1517 696 1572 per
710 1503 798 1559 solarii
816 1503 944 1571 Sopliiiiiu
996 1500 1088 1570 ibique
1103 1498 1254 1556 interiectis
1269 1498 1394 1563 consciis,
1408 1498 1452 1552 uui
1469 1497 1650 1551 tantummodo
1666 1499 1723 1550 seni
1740 1511 1788 1564 per
1803 1530 1813 1542 ·

118 1592 136 1670 ,l
158 1601 297 1661 augustam
312 1592 371 1660 ejus
383 1592 523 1661 imperium
537 1605 684 1663 regeretur,
697 1594 804 1665 populi,
817 1606 845 1650 ut
858 1596 886 1650 in
900 1610 946 1651 stt·
995 1591 1178 1660 juramentum
1190 1587 1297 1643 condita
1310 1587 1517 1643 commendarit.
1531 1585 1714 1655 Deiuiictoque
1726 1587 1789 1641 bai·

158 1680 945 1755 periorelibrojumdiiiimns(Lib.ii,rap.55),Tiberiuiu
997 1692 1055 1736 sete
1078 1682 1136 1736 bec
1157 1680 1209 1736 sub
1232 1689 1305 1737 terra
1327 1679 1455 1734 latebant.
1478 1679 1598 1748 Cumque
1621 1678 1789 1747 supradictus

159 1769 293 1826 Caesarem
307 1772 456 1840 elegerunt,
468 1773 570 1837 utilem,
582 1785 732 1842 strenuuin,
744 1786 824 1844 atque
838 1774 945 1844 sapien·
959 1781 983 1842 Β
996 1787 1079 1829 senex
1094 1772 1173 1841 liujus
1187 1772 1373 1840 eleemosynas
1386 1768 1493 1824 assidue
1506 1777 1640 1833 cerneret,
1654 1768 1739 1838 pergit
1753 1768 1789 1822 ad

159 1868 224 1928 leui,
234 1862 489 1932 eleemosynarium,
501 1864 665 1934 inopumque
675 1865 805 1932 optiiuuin
820 1865 945 1923 deleuso·
995 1880 1057 1920 eum
1067 1903 1075 1929 ,
1086 1865 1180 1920 diceus
1196 1882 1204 1920 r
1220 1863 1267 1929 si,
1283 1863 1383 1932 inquit,
1399 1863 1463 1917 turibi
1478 1861 1576 1931 aliquid
1590 1861 1715 1930 prodest,
1730 1874 1789 1914 nia-

155 1965 223 2008 reui,
230 1950 281 2016 but
295 1965 355 2008 cum
371 1952 454 2006 multa
465 1953 498 2006 de
512 1951 646 2012 tliesauris
657 1968 724 2023 quos
734 1954 816 2025 230
826 1956 946 2012 lustinus
995 1971 1076 2028 gnarn
1097 1970 1153 2010 rem
1176 1954 1235 2022 tibi,
1249 1953 1350 2021 Cursus,
1364 1954 1478 2012 edicam.
1494 1953 1543 2008 Cui
1568 1953 1614 2007 ille
1636 1970 1643 2006 :
1669 1952 1725 2015 Dic,
1738 1953 1789 2018 aii,

154 2042 319 2111 aggregavit,
330 2040 492 2110 pauperibus
507 2054 641 2114 erogaret,
653 2055 681 2098 et
693 2043 811 2115 Augusta
827 2046 870 2101 iila
883 2061 944 2102 euni
994 2035 1066 2118 quiid
1081 2046 1208 2101 volueris.
1225 2043 1347 2100 Proderit
1360 2046 1433 2100 enini
1449 2044 1515 2110 tibi,
1531 2043 1553 2098 si
1568 2043 1693 2113 quiddam
1710 2043 1790 2098 nubis

156 2136 322 2205 irequentius
337 2138 497 2205 increparet,
509 2137 580 2207 quod
596 2139 785 2208 rempublicam
799 2140 946 2212 redegisset
996 2136 1165 2208 prolutorum
1179 2150 1240 2191 esse
1253 2134 1412 2189 narraveris.
1424 2135 1601 2201 iheruinum,
1616 2136 1710 2204 inquit,
1722 2134 1790 2188 usr-

158 2228 185 2284 ιι
206 2238 407 2297 paupertatem,
422 2229 577 2300 diceretque
590 2248 598 2285 :
613 2230 687 2298 Quod
701 2244 751 2300 ego
765 2231 855 2287 uiuitis
868 2233 945 2288 anais
997 2230 1064 2284 setis
1074 2227 1240 2284 reconditum
1253 2227 1427 2297 babeo,quod
1442 2226 1469 2280 iii
1481 2234 1601 2280 extremo
1612 2226 1672 2280 iitae
1685 2227 1789 2293 positus

154 2319 345 2391 aggregastis
360 2320 428 2376 inira
441 2337 554 2391 paucum
566 2332 669 2393 tenipus
680 2323 945 2397 prodigedispergis,
998 2321 1090 2376 celare
1113 2335 1166 2374 nou
1189 2333 1309 2389 possum.
1327 2319 1402 2375 Tunc
1424 2317 1515 2374 Caesar
1529 2317 1650 2373 Tiberius
1669 2318 1789 2386 gavisus,

157 2410 247 2465 aiebat
260 2411 324 2467 ille:
339 2411 396 2466 Nou
410 2412 496 2468 deerit
510 2412 575 2469 fisco
587 2424 690 2481 nostro,
700 2424 802 2470 tautum
816 2430 946 2486 pauperes
995 2409 1175 2480 mittiturque
1189 2408 1222 2464 ad
1236 2411 1324 2464 locuni
1340 2423 1436 2479 pueros
1449 2424 1514 2464 suos
1525 2424 1532 2463 :
1545 2407 1712 2479 precedente
1722 2423 1789 2463 uero

159 2502 360 2574 eleemosynam
374 2503 522 2574 accipiant,
535 2512 581 2560 aut
594 2506 694 2574 captiui
709 2506 883 2562 redimantur.
896 2506 946 2562 liic
995 2516 1074 2567 ιιιι,
1090 2501 1118 2556 Μ
1136 2510 1285 2571 “liminius
1299 2501 1414 2555 attoniti.
1431 2501 1673 2566 pervenientesque
1694 2499 1727 2553 ιι]
1748 2500 1789 2554 ⁰5·

158 2602 201 2650 ιιι
219 2593 292 2648 euim
314 2608 425 2665 magnus
439 2595 595 2663 tliesaurus,
607 2598 713 2652 dicente
727 2596 840 2653 Domino
854 2614 861 2651 ε
877 2596 944 2652 Tira-
996 2602 1126 2657 sternam,
1138 2592 1351 2662 deopertamque
1365 2591 1562 2661 ingrediuntur,
1577 2591 1602 2644 in
1617 2605 1669 2660 que
1683 2599 1788 2645 tentum

156 2686 286 2739 ιιιιιιιιι
303 2684 371 2739 eslii
391 2684 523 2741 ιιιιιιιιιοι
540 2688 567 2742 in
585 2688 666 2756 snio,
682 2690 725 2744 tili
745 2706 824 2760 usque
841 2706 944 2760 terega,
994 2698 1090 2740 aurittu
1103 2693 1297 2753 argentumque
1310 2674 1456 2751 reperiunt,
1467 2690 1496 2736 ut
1508 2696 1555 2749 per
1566 2680 1663 2736 multos
1673 2680 1732 2734 dies
1742 2680 1788 2734 ιιι

160 2789 239 2843 neque
261 2773 328 2828 linea
351 2777 512 2848 corrumpit,·
532 2787 556 2832 et
575 2779 617 2834 iili
640 2785 709 2850 parea
727 2798 778 2836 anit
799 2781 944 2852 effodiunt,
994 2783 1172 2830 evacuaretur
1186 2787 1202 2828 a
1216 2772 1429 2841 deportantibus.
1444 2771 1477 2825 Et
1491 2787 1524 2825 et
1540 2771 1590 2825 boc
1605 2769 1650 2825 ille
1669 2769 1787 2839 amplius

145 2876 203 2915 ιιι
223 2868 341 2930 [urantur
364 2863 475 2934 (Martii.
498 2882 545 2934 ιι,
563 2865 627 2938 20).
649 2869 718 2940 Ergo
741 2872 776 2927 de
797 2872 848 2928 boe
871 2874 941 2944 quod
966 2898 967 2901 =
996 2865 1076 2921 bilari
1088 2866 1244 2934 erogatione
1256 2863 1421 2933 dispensarit
1435 2862 1537 2932 egenis.

160 2951 230 3008 lleus
248 2953 331 3021 dedit,
343 2967 536 3026 congregemus
553 2973 601 3028 per
620 2973 749 3029 pauperes
771 2960 799 3015 iu
819 2961 900 3030 ctelo,
916 2971 946 3018 ut
1031 2959 1102 3015 xltt.
1117 2956 1223 3029 lgiturl
1238 2967 1329 3012 contra
1344 2956 1481 3013 Salonium
1495 2951 1787 3021 sagittariumqueepi·

89 3073 91 3077 >
162 3041 289 3106 Dominus
305 3046 495 3118 iiobisaugere
514 3048 638 3121 dignetur
657 3051 684 3106 iu
704 3051 943 3126 secutumque,
997 3046 1382 3120 scopostuinultusetoritur.
1399 3045 1429 3100 lli
1450 3045 1520 3100 euim
1536 3060 1550 3097 a
1565 3044 1662 3098 Saueto
1681 3042 1787 3097 llioetio

159 3145 187 3197 ut
200 3136 331 3204 diximus,
343 3153 456 3209 magnus
475 3151 503 3196 et
521 3155 600 3197 soriis
619 3141 784 3199 Christianus
798 3153 870 3211 erat,
881 3135 981 3203 dumC
997 3141 1167 3214 LugDuoensi
1191 3139 1317 3211 episcopo
1340 3138 1464 3206 educati,
1487 3135 1645 3190 diaconatus
1666 3132 1786 3189 officium

160 3226 240 3281 liilari
252 3225 439 3283 distributione
454 3230 615 3299 pauperibus
627 3245 707 3300 opem
723 3241 847 3302 praestat.
859 3219 945 3306 magis
994 3245 1057 3291 eunt
1071 3233 1159 3289 sortiti
1172 3249 1180 3287 z
1193 3230 1324 3300 hujusque
1338 3240 1458 3298 tempore
1472 3226 1596 3281 Salonius
1611 3222 1788 3279 Dbreduuen·

159 3318 287 3387 scutagii
300 3317 324 3373 ei
342 3318 470 3373 Dominus
483 3319 677 3376 subministret.
690 3321 756 3376 Nini
770 3323 944 3383 deambulans
995 3324 1033 3380 sis
1045 3321 1054 3363 ¹
1068 3323 1152 3389 urbis,
1165 3321 1377 3392 Sagittariusque
1391 3319 1548 3389 vapigensis
1559 3316 1685 3372 tteeles'ie
1695 3327 1788 3370 ιιιιι-

159 3422 206 3474 per
229 3408 373 3476 palatium,
394 3407 459 3462 uidit
480 3408 507 3463 in
533 3410 684 3478 pavimento
707 3410 803 3468 domus
827 3415 944 3471 tabulato
993 3416 1072 3472 dotes
1094 3423 1259 3470 statuuntur.
1281 3411 1334 3468 Sed
1356 3419 1477 3466 assumto
1496 3412 1661 3479 episcopato,
1674 3407 1700 3461 iu
1721 3420 1787 3476 pro·

159 3513 353 3567 niarmoream,
365 3500 392 3554 iu
406 3515 457 3571 qua
471 3515 536 3558 crus
552 3502 690 3570 Dominict
709 3515 768 3560 eret
787 3509 888 3577 sculpta
898 3548 907 3577 ,
917 3519 947 3567 et
995 3509 1082 3579 prium
1103 3506 1182 3562 relati
1202 3505 1359 3570 arbitrium,
1371 3512 1512 3573 coeperunt
1525 3502 1552 3556 iu
1567 3497 1788 3570 pervasionibus,

157 3590 196 3652 ιιι
210 3606 218 3642 r
233 3587 319 3644 cruce
334 3598 395 3656 tua,
409 3590 535 3660 Doiuiiie,
548 3590 663 3650 frontem
678 3604 796 3654 nostiam
811 3599 944 3656 munimus
993 3597 1124 3666 sedilios,
1138 3596 1299 3660 homicidiis,
1311 3593 1461 3661 adulteriis,
1473 3593 1643 3661 diversisque
1657 3590 1683 3644 in
1697 3589 1789 3646 scele-

157 3690 184 3740 et
195 3688 312 3750 pectora,
320 3689 346 3736 et
353 3694 416 3736 ecce
425 3694 532 3737 cruceni
542 3683 593 3738 suli
602 3684 714 3753 pedibus
722 3685 951 3744 ennenteaioust.‘
994 3692 1181 3755 ribus,iusauo
1192 3693 1281 3746 lurore
1290 3688 1423 3758 grassari;
1441 3688 1475 3743 ita
1488 3686 1639 3754 utquodam
1650 3695 1788 3755 tempore,

160 3772 193 3826 lit
206 3773 278 3827 dieto
292 3773 371 3829 citius
382 3772 461 3843 iussit
475 3788 536 3830 etun
551 3774 668 3844 aulerri,
679 3777 838 3850 defossaque
853 3781 943 3839 tabula
993 3781 1264 3838 celebrantelictore
1274 3780 1486 3835 Tricastinorum
1499 3776 1506 3828 i
1525 3776 1790 3848 episcoposolemni·

158 3874 238 3932 atque
254 3873 354 3930 erecta,
367 3864 505 3920 inueniunt
524 3865 617 3922 subter
636 3877 664 3924 et
680 3869 759 3924 ulium
773 3871 824 3926 boe
837 3871 943 3943 sigrium
994 3885 1074 3932 tatem
1095 3873 1208 3928 natalitii
1230 3872 1282 3939 sui,
1298 3871 1396 3927 emissa
1415 3871 1537 3934 coborte,
1553 3885 1612 3925 cuni
1637 3865 1734 3939 gladiis
1757 3877 1790 3924 et

157 3956 309 4012 nabentem.
322 3949 542 4028 liuuliantesque,
552 3957 632 4029 jussit
642 3970 669 4016 et
681 3959 753 4015 illam
763 3963 944 4033 aulerre.Qua
993 3966 1098 4039 sagittis
1112 3967 1247 4022 irruerent
1259 3979 1339 4036 super
1351 3979 1425 4023 cuni.
1438 3963 1633 4033 leiiientesque
1646 3961 1788 4018 sciderunt

192 4115 312 4176 scrib..
324 4111 506 4178 decisionem·
529 4113 607 4182 Dell.,
623 4112 849 4182 circummuniti
863 4135 944 4190 quou-
1030 4127 1043 4169 t
1059 4119 1104 4176 Sic
1115 4128 1220 4176 reterri
1234 4134 1299 4176 mss.
1314 4129 1342 4177 et
1353 4120 1418 4177 edit.
1432 4119 1531 4176 Cbesu.
1546 4133 1622 4188 iero,
1635 4119 1783 4192 ingressus.

98 4190 100 4194 “
156 4188 215 4239 duni
233 4185 329 4255 palatii
343 4185 475 4252 sigiberti.
489 4182 585 4240 Coiues
601 4186 691 4254 palatii
707 4189 865 4257 praepositus
885 4201 944 4245 erat
992 4189 1081 4251 colb..
1094 4206 1233 4262 regressus.

155 4254 943 4397 tzllbltlltillut-'li‘t'ttlllbdtlltl
992 4260 1116 4386 u'cl'sll
1134 4258 1785 4400 tttlt‘tulluliitlulllltlrtb

154 4395 346 4452 ecclesiasticis
368 4395 538 4464 rebus,qute
550 4395 583 4450 ad
599 4394 727 4464 palatium
740 4397 940 4468 deierebeutur,
992 4404 1020 4458 iu
1036 4403 1087 4458 lioc
1101 4400 1137 4456 Gr
1172 4400 1326 4469 ariumque
1340 4402 1433 4456 saltem
1450 4399 1785 4466 adeueunioliisduobns

154 4467 192 4546 sie
207 4468 257 4523 iste
270 4464 304 4520 de
316 4465 489 4520 saecularibus
498 4463 718 4534 judicabatiide
730 4467 852 4540 Diguouii
863 4482 940 4526 notas
954 4470 1137 4562 nepiscoplss
1188 4469 1296 4542 gittario
1309 4471 1411 4525 seilicet
1422 4479 1450 4525 ot
1464 4469 1585 4534 salonio,
1599 4472 1781 4552 contigerant.

155 4551 182 4589 iii
198 4536 261 4589 libr
277 4534 407 4600 idarculli,
420 4534 530 4591 lnrmula
543 4533 589 4592 25.
1030 4538 1039 4580 t
1053 4538 1400 4609 Ebnidutiuiii,Euibrnir,et
1411 4540 1554 4609 l'apiugiiin
1565 4537 1780 4609 setilapincuui,

164 4672 168 4681 Ι
192 4603 205 4642 l
221 4605 329 4673 llgidius
343 4619 389 4659 seu
404 4605 541 4687 AEgldins,
555 4605 640 4676 episc.
657 4605 830 4675 blemensis,
844 4610 879 4667 ob
892 4626 940 4667 sua
1000 4611 1197 4680 supernitates
1219 4611 1246 4664 iu
1269 4610 1428 4681 Delpbtntitu
1450 4624 1542 4678 parurn
1556 4624 1571 4661 a
1586 4623 1647 4664 sese
1663 4612 1782 4667 iniieeiu

155 4681 211 4727 tam
221 4674 379 4755 benennam
392 4678 459 4729 maia
469 4676 584 4731 iaciuora
599 4678 764 4733 notissimus.
774 4678 839 4749 Ejus
850 4681 940 4752 laudes
991 4681 1223 4746 strennuissime
1239 4691 1325 4735 tamen
1336 4681 1479 4748 prurineiee
1490 4678 1690 4736 ecclesiasticas.
1704 4679 1781 4736 l‘rior

155 4753 325 4811 prosequitur
338 4743 497 4799 Fortunatus
508 4746 555 4800 lib.
567 4761 607 4813 iu,
618 4761 703 4802 carm.
716 4746 760 4802 18.
772 4749 849 4804 Ptine
862 4751 896 4806 de
907 4765 942 4810 eo
992 4765 1088 4818 nempe
1104 4750 1262 4820 ¹metropolis
1284 4760 1326 4805 est
1348 4751 1452 4820 bipiuin
1476 4748 1678 4812 llariiiiuaruiu,
1694 4752 1780 4807 altera

154 4810 324 4896 Emdorrdus
336 4813 385 4868 lib.
399 4827 420 4868 ιι
434 4814 502 4869 ιιιιι.
515 4815 685 4884 llbemensis,
696 4826 724 4872 et
736 4822 834 4889 passini
850 4831 941 4887 noster
992 4835 1055 4876 rero
1068 4821 1119 4876 sub
1131 4821 1295 4876 llirlioiiensi
1312 4819 1332 4873 ll
1346 4821 1544 4888 areliieplseopo
1558 4821 1676 4886 equeiisi
1691 4833 1779 4890 paret.

152 4882 190 4940 Gr
223 4897 305 4938 ortus.
1028 4889 1039 4958 l
1056 4891 1125 4946 Editi
1139 4891 1257 4961 plerique
1270 4906 1329 4945 cnm
1344 4888 1435 4956 Regni.
1444 4897 1471 4944 et
1483 4889 1556 4951 Dec..
1565 4887 1779 4945 Tricastinorum.

191 4965 203 4994 ι
236 4956 278 5009 ide
289 4951 389 5036 capii
404 4953 688 5012 interiusllsecitutem
699 4959 940 5031 omniaciseripsit
992 4959 1139 5023 lletluenda
1156 4971 1243 5019 taiueii
1259 4959 1530 5015 reminiscentiam
1546 4957 1698 5014 'tricassina
1713 4961 1780 5017 urbs

154 5023 252 5080 Paulus
267 5024 338 5078 Dine.
353 5023 401 5079 lib.
413 5040 441 5079 tii
452 5024 486 5081 de
498 5023 586 5080 Gestis
598 5025 728 5096 Langob,
738 5042 796 5098 cap.
810 5030 841 5083 ll
855 5041 883 5085 et
894 5031 937 5086 ιι.
990 5040 1032 5085 est
1045 5032 1072 5085 in
1084 5028 1325 5101 Caiiipanln,rulgo
1336 5030 1482 5099 inoperati
1492 5029 1537 5085 bic
1548 5029 1780 5098 desigintururbt

189 5092 937 5169 ltuendostmeiliatemintsnusvetueraninestgnnm
990 5099 1199 5155 Tricastinorum
1223 5102 1249 5154 iu
1273 5100 1443 5168 Dulpbiuutu,
1459 5100 1538 5168 vulgo
1562 5097 1727 5163 siritii-runt
1746 5103 1779 5158 de

153 5169 242 5220 erucis
256 5166 449 5244 insculperetur
464 5166 490 5220 iii
502 5165 571 5228 solo,
586 5168 627 5221 rei
642 5166 739 5235 lapide,
749 5170 791 5223 rel
804 5186 938 5226 marmore
990 5163 1216 5225 irrisibilem
1227 5171 1258 5224 Et
1268 5171 1374 5238 quidem
1388 5170 1516 5226 Eusebius
1530 5169 1680 5239 presbyter,
1691 5170 1780 5228 licto·

154 5235 227 5289 liumi
243 5237 340 5303 posito.
355 5239 385 5290 b.
402 5237 484 5299 onie..
499 5236 567 5290 Cod.
583 5235 719 5293 Neminem
734 5239 777 5304 lie.
793 5240 859 5313 rign.
872 5239 938 5310 lide
990 5239 1026 5311 ris
1041 5242 1083 5295 liic
1098 5241 1239 5295 memorati
1254 5242 1378 5305 numine,
1388 5238 1511 5308 Concilio
1525 5239 1646 5304 tngdnn.
1660 5254 1682 5294 ιι
1693 5241 1779 5299 iuter·

151 5314 180 5358 ιι
192 5317 251 5386 can.
264 5307 282 5360 li
295 5306 377 5361 Couc.
389 5305 517 5362 'lrullaui
989 5308 1055 5375 luit,
1067 5320 1095 5365 et
1112 5309 1224 5380 ipsemet
1239 5311 1359 5364 Concilio
1380 5309 1566 5363 matisconensi
1582 5323 1590 5362 i
1606 5309 1778 5378 subscripsit.

188 5375 267 5429 ‘Sic
279 5376 358 5431 corb.
370 5388 397 5433 et
410 5377 490 5443 Dell.;
507 5376 581 5442 Dee,
596 5377 755 5447 portugalli,
767 5379 934 5449 permittebat.
990 5379 1107 5452 llutalitii
1121 5392 1208 5436 auteur
1222 5380 1262 5435 sui
1276 5380 1432 5434 solemnitas
1444 5394 1523 5449 qnam
1538 5379 1703 5446 celebrabat,
1718 5391 1779 5438 erit

190 5440 201 5482 ¹
219 5444 362 5507 Eunuebus
374 5446 567 5527 famosissimus
576 5447 703 5502 Belisario
713 5451 881 5515 substitutus,
890 5451 936 5520 qui
990 5451 1173 5504 annicersaria
1190 5450 1400 5513 eniisecraitnnts
1420 5464 1476 5504 siue
1494 5452 1552 5505 dies
1566 5450 1593 5504 iti
1607 5449 1777 5518 episeuimm.

151 5511 339 5596 Ostrogottlius
353 5515 378 5569 iu
392 5517 464 5571 ltalia
479 5525 585 5588 penitus
596 5517 705 5582 delerit,
717 5518 763 5572 sed
775 5519 809 5573 ab
818 5519 936 5592 Augusta
990 5521 1024 5576 Et
1038 5520 1144 5590 quidem
1158 5520 1288 5589 bodieque
1302 5521 1329 5574 iu
1340 5520 1485 5576 Potititlcali
1497 5521 1617 5574 lloinauo
1628 5520 1700 5576 inter
1709 5519 1779 5579 [esta

152 5585 224 5652 mals
238 5586 343 5639 babitus
359 5586 546 5656 Langobardos
559 5587 586 5643 iii
600 5588 721 5643 eamdem
738 5592 874 5658 regionem
886 5593 935 5646 ad·
991 5590 1152 5646 solemniora
1177 5601 1346 5661 computatur
1363 5591 1572 5646 consecrationis
1590 5592 1778 5661 episcoporum

153 5656 352 5782 micarimqnqd
367 5664 454 5736 tauieu
467 5658 549 5730 gratis
561 5659 650 5716 bctuiu
660 5659 794 5716 existimat
805 5659 935 5731 lluleaius,
989 5660 1188 5740 mesquinus
1207 5674 1248 5718 est
1267 5661 1402 5733 antiquus,
1417 5671 1445 5718 ιι
1467 5669 1540 5734 patet
1557 5677 1591 5718 ιι
1613 5671 1668 5718 ιιι.
1682 5674 1778 5734 merge

160 5744 198 5794 „u
213 5743 238 5793 ιι
253 5743 306 5792 ιιι.4
326 5741 438 5793 renutu.
544 5773 548 5782 .
989 5740 1135 5792 meriturus.
