3794 6128
164 325 233 390 tora
845 339 935 396 rurs
954 338 1106 430 quinus.
1726 352 1794 410 tots

160 449 236 505 sllnis
260 455 288 503 ct
309 447 336 503 ln
361 447 438 517 plana
463 447 594 518 redactis,
612 448 645 507 de
665 450 803 508 laboribus
825 423 950 509 ιιιιιιοῗιιιι
967 452 1094 516 Αιιιιίιιο
1121 454 1267 524 impediant
1292 470 1382 526 opere.
1410 458 1485 528 Quod
1510 461 1548 516 illi
1574 477 1793 536 cognoscentes,

161 537 331 608 propriarum
349 538 449 593 rictum
465 539 634 608 qua·rebaut;
661 528 804 612 tantusque
818 542 952 600 ierrorde
1001 547 1079 604 valde
1091 547 1205 605 tuoleste
1229 550 1357 606 tulerunt.
1372 552 1446 608 Tunc
1464 553 1604 611 duodecim
1621 558 1688 624 trri,
1704 558 1795 620 hahlto
1850 551 1853 556 ’

160 627 207 684 hei
222 642 315 683 amore
340 627 475 697 prosimos
499 629 619 684 locorum
643 631 813 716 accenderat,
837 639 867 687 ιιι
887 647 951 689 ooa-
1001 638 1123 704 consilio,
1139 639 1274 696 iracundia
1287 639 1454 712 inflammati,
1469 644 1637 714 reliquerunt
1652 647 1753 713 luctam,
1767 657 1796 704 et

158 732 267 794 gregata
279 720 313 774 ad
329 718 448 774 oihcimn
465 721 510 775 bei
522 720 753 777 multitudosimul
765 722 887 779 habitare
898 738 950 778 nou
1001 728 1124 783 abierunt
1136 743 1183 797 per
1200 729 1308 803 1149
1331 731 1437 787 deserta
1459 744 1586 804 uagantes
1601 773 1609 800 ,
1625 747 1652 788 et
1677 752 1709 792 ea
1733 751 1794 806 quat

158 820 273 882 posset:
300 812 472 878 leceruntqne
495 814 592 867 ltemm
616 812 688 867 aliud
705 814 907 882 monasterium,
923 817 950 870 ln
1001 830 1076 874 erant
1089 822 1180 877 sacnti
1200 823 1368 878 delectabilia
1386 823 1563 893 inquirentes.
1581 824 1794 896 ueretatnuqus

158 918 212 973 quo
227 903 313 958 ielicis
336 902 451 958 alvearis
466 918 580 959 eramen
603 903 788 959 instituerunt.
801 904 854 960 Sed
868 912 896 960 et
909 904 951 960 bis
1000 919 1042 966 est
1053 910 1143 965 statim
1159 927 1206 980 per
1219 912 1305 966 uisum
1321 912 1451 978 llomauo,
1468 930 1517 968 trec
1543 914 1569 967 ei
1597 914 1682 969 uoluit
1702 912 1791 969 diviua

158 995 284 1063 deinceps
297 1009 358 1048 cum
375 992 421 1049 llci
444 993 580 1063 adiutorio
600 995 747 1064 ampliatis,
759 996 867 1050 tertium
881 995 949 1050 intra
1000 999 1206 1054 miserationem
1220 1009 1305 1054 aetam
1320 1003 1463 1057 occultare.
1477 1003 1609 1072 degresso
1626 1016 1734 1071 quoquc
1744 1006 1788 1058 ab·

157 1085 322 1140 allemannia
331 1083 474 1139 terminum
487 1086 679 1139 rrtouasterinm
686 1084 850 1140 locaverunt.
865 1083 952 1141 lbant-
1001 1087 1061 1144 bate
1075 1089 1108 1144 ad
1121 1089 1316 1145 monasterium
1340 1090 1404 1146 dicit
1422 1109 1428 1146 :
1444 1092 1472 1148 Si
1484 1095 1524 1146 sic
1541 1092 1658 1147 laturum
1680 1100 1748 1157 erat,
1764 1102 1791 1147 ut

156 1194 209 1250 qne
222 1179 340 1235 densim
353 1175 380 1232 ld
390 1176 442 1232 duo
454 1187 543 1247 patres
556 1177 722 1248 requirentes
733 1176 817 1244 itlius,
829 1192 898 1248 quos
908 1177 951 1232 di·
1001 1179 1034 1235 ad
1047 1181 1241 1251 dispersionem
1265 1182 1376 1236 iratrum
1400 1183 1499 1247 abires,
1516 1183 1618 1238 ntiaram
1638 1198 1687 1236 trec
1701 1197 1794 1238 acces·

157 1267 228 1323 vittis
247 1268 397 1323 imbuerent
410 1266 578 1336 disciplinis,
600 1267 775 1335 praedicantes
798 1269 824 1323 in
839 1269 951 1339 singulis
1000 1270 1083 1326 sisscs
1096 1270 1128 1324 ad
1140 1284 1197 1327 eos.
1214 1270 1261 1326 Cui
1286 1270 1334 1326 ille
1347 1286 1357 1327 ι
1371 1269 1429 1326 Nuli
1442 1311 1450 1338 ,
1465 1271 1552 1340 iuquit
1564 1312 1571 1333 .
1584 1272 1695 1326 tntrleste
1708 1269 1788 1335 ferre,

156 1359 325 1414 urrunastcriis
338 1373 370 1413 ea
390 1372 450 1428 que
463 1358 496 1411 ad
510 1357 704 1414 institutionem
718 1362 814 1413 animae
829 1369 947 1429 pertrue·
1000 1360 1083 1417 irater
1096 1359 1289 1434 dilectissime,
1300 1377 1360 1432 quar
1373 1372 1512 1417 actasunt.
1527 1362 1599 1441 ‘llam
1617 1364 1687 1420 scias
1698 1380 1793 1434 pnrga-

155 1454 230 1509 hant
257 1450 401 1520 Lupicinus
429 1459 516 1504 tamen
538 1448 709 1523 ahbaslb'd„
739 1446 949 1520 abbatislsnper
1000 1460 1233 1509 tauresseareant
1249 1452 1366 1521 homini,
1379 1463 1406 1508 ct
1421 1453 1543 1509 triticum
1554 1464 1656 1509 tanturn
1672 1457 1794 1509 recondi·
1875 1520 1878 1527 ‚

154 1559 203 1601 sos
214 1540 329 1599 obtinuit
342 1539 538 1597 monarchiam.
554 1540 619 1594 Erat
632 1548 721 1595 antem
734 1539 812 1595 ualde
825 1539 943 1605 sobrius,
1001 1551 1058 1598 ιιιιιι
1079 1540 1106 1596 in
1127 1544 1243 1610 horreo,
1258 1545 1347 1613 paleas
1360 1553 1450 1599 autem
1462 1543 1561 1614 eiectas
1580 1559 1640 1599 esse
1655 1542 1739 1598 lorus.
1760 1547 1793 1600 Et
1838 1548 1849 1567 ⁶

152 1643 183 1691 ct
196 1648 213 1689 a
225 1633 286 1688 cibo
300 1639 416 1702 potuque
429 1629 586 1694 abstinens,
602 1631 636 1684 ita
651 1637 680 1684 ut
694 1630 851 1700 plerumque
866 1634 946 1685 terta
1001 1632 1046 1691 illc
1057 1649 1064 1686 ι
1077 1630 1185 1688 Utinam
1202 1633 1289 1688 nullus
1304 1632 1479 1689 abscessisset
1488 1650 1521 1689 ex
1536 1634 1593 1690 hisi
1609 1632 1657 1688 sed
1672 1649 1743 1689 nuuc
1757 1633 1794 1688 in·

153 1726 200 1782 die
213 1725 379 1781 redceretur.
396 1721 463 1778 ctam
477 1732 564 1780 autern
585 1737 665 1789 eum,
680 1721 750 1776 sicut
762 1723 885 1791 corporis
899 1722 948 1776 hu-
1001 1725 1070 1792 dica,
1087 1738 1195 1796 quasso,
1211 1724 1277 1780 ruihi
1301 1727 1392 1795 quanti
1404 1725 1501 1782 exinde
1522 1727 1655 1781 abierunt.
1670 1725 1720 1794 Qui
1749 1741 1793 1780 re·

154 1815 228 1873 atiani
249 1815 369 1885 deposcit
387 1813 553 1877 necessitas,
582 1813 641 1867 sitis
664 1815 806 1882 arriperet,
823 1826 872 1866 ιιι
885 1827 946 1867 cum
966 1817 1132 1889 pependit:
1149 1817 1294 1872 Duodecim
1309 1817 1359 1872 tiri
1382 1817 1539 1874 cothurnosi
1561 1825 1642 1888 atque
1658 1818 1743 1883 clati,
1767 1819 1793 1873 in

152 1905 354 1978 squaexhiberi
368 1903 501 1971 iaciebat,
515 1903 606 1974 inqua
621 1917 717 1958 ananus
732 1905 875 1960 ixnxuersss
887 1905 945 1974 diuq
997 1907 1093 1976 quihus
1109 1907 1177 1962 Deus
1193 1921 1246 1962 non
1257 1907 1370 1962 haoitat.
1391 1907 1466 1963 'lune
1481 1907 1617 1963 Romanus
1629 1920 1690 1961 cum
1705 1907 1793 1977 laery-

153 2001 207 2056 tius
218 1998 360 2055 retinebat.
378 1997 474 2053 llirum
497 1995 585 2052 dietul
605 1997 641 2050 ita
660 1994 767 2069 1148
785 1997 947 2052 absorbebat
998 2000 1049 2054 mis
1063 1999 1100 2053 ait
1115 1997 1224 2054 :Credo
1235 1999 1261 2054 iu
1277 2000 1322 2053 illo
1342 1997 1440 2056 dininas
1452 1999 1633 2056 miselatiouls
1655 2006 1794 2068 respectu,

151 2104 215 2147 caro
236 2089 295 2160 ejus
310 2102 408 2160 aquam
421 2088 589 2158 appositam,
604 2096 633 2142 ut
649 2097 756 2157 putares
778 2101 838 2144 earu
855 2101 902 2156 per
915 2101 947 2143 os
996 2091 1059 2159 quia
1075 2104 1123 2145 nec
1133 2090 1194 2145 illos
1207 2091 1343 2160 separabit
1355 2105 1371 2146 a
1385 2090 1510 2146 thesauro
1529 2106 1595 2158 suo,
1618 2090 1666 2146 sed
1681 2104 1794 2161 congre·

151 2181 212 2252 ejus
222 2179 334 2246 assumi,
346 2187 376 2235 et
396 2179 436 2234 sie
463 2178 544 2233 ardor
566 2177 626 2233 sitis
638 2176 869 2247 exstinguebatur.
884 2179 947 2233 Erat
995 2180 1068 2251 gahit
1079 2195 1136 2245 eos,
1152 2190 1179 2236 et
1193 2180 1261 2236 lucri
1276 2196 1324 2237 ens
1335 2181 1416 2239 iacies
1430 2195 1478 2252 pro
1490 2181 1585 2252 quibus
1600 2181 1654 2251 pati
1668 2181 1794 2252 dignatus

152 2271 223 2327 enim
233 2284 344 2326 severus
352 2269 431 2325 ualde
444 2269 471 2324 in
484 2268 655 2325 districtione
663 2270 786 2336 fratrum,
798 2285 947 2340 necquenr·
996 2277 1048 2325 est.
1068 2270 1102 2326 Et
1119 2270 1189 2327 lacta
1205 2286 1253 2336 pro
1267 2270 1309 2327 his
1334 2273 1465 2335 oratione,
1485 2270 1600 2326 obtinuit
1626 2282 1654 2327 ut
1676 2281 1793 2327 reuerte-

150 2376 232 2432 quarn
247 2376 299 2416 non
321 2360 401 2416 modo
420 2374 545 2430 peruerse
562 2374 658 2430 agero,
685 2361 872 2416 verumetiam
896 2376 947 2416 nec
997 2369 1091 2415 rentur
1109 2359 1143 2415 ad
1164 2361 1277 2431 gratiam
1295 2361 1488 2431 omnipotentis
1503 2362 1562 2419 llci.
1579 2341 1705 2417 hominus
1721 2362 1793 2418 cuim

150 2447 223 2520 loqui
242 2447 348 2505 sinebat
363 2454 380 2504 a·
398 2447 538 2502 mulierum
555 2462 660 2524 quoque
685 2448 727 2504 rel
741 2447 889 2517 colloquia,
905 2450 946 2505 sel
995 2452 1136 2524 compungi
1161 2451 1317 2508 lecitcorda
1341 2467 1455 2520 eorum;
1474 2462 1502 2511 et
1533 2464 1642 2524 agentes
1663 2456 1794 2523 poeniten·

151 2555 280 2599 occursas
294 2540 370 2597 taldc
384 2542 493 2597 vitabat.
506 2541 641 2597 Romanius
650 2541 687 2597 ita
701 2551 761 2599 erat
775 2544 904 2614 simplex,
919 2555 947 2600 ut
996 2541 1060 2596 tiam
1074 2555 1123 2612 pro
1145 2556 1258 2598 excessu
1285 2557 1352 2608 suo,
1367 2551 1598 2615 congregaverunt
1620 2546 1717 2615 singuli
1730 2560 1794 2601 cun·

151 2633 219 2689 nihil
232 2633 266 2689 dc
277 2633 319 2689 his
330 2634 437 2702 penitus
448 2633 482 2687 ad
495 2633 615 2687 animum
627 2632 748 2699 duceret,
764 2634 812 2690 sed
822 2636 947 2692 omnibus
988 2633 1165 2709 gregatimtcs
1189 2647 1252 2690 suas
1263 2672 1272 2700 ,
1285 2642 1313 2692 et
1326 2634 1446 2692 lecerunt
1461 2636 1512 2693 sibi
1527 2638 1689 2695 monasteria
1701 2678 1711 2707 ,
1734 2653 1795 2708 quas

152 2736 207 2782 tatu
219 2727 285 2784 siris
297 2742 376 2797 quaxn
389 2726 543 2783 mulieribus
553 2727 692 2797 aequaliter
702 2727 848 2798 bagitatam
863 2727 947 2786 bene·
997 2740 1082 2795 usque
1097 2723 1177 2781 hodie
1201 2725 1229 2780 iu
1250 2724 1297 2782 liei
1317 2726 1439 2783 laudibus
1450 2737 1633 2798 perseverarat.
1655 2729 1793 2786 Romanus

151 2819 295 2875 birtilonem
308 2817 457 2874 divinitatis
470 2819 577 2874 stamine
592 2819 715 2875 invocato
730 2819 870 2877 tribueret.
997 2825 1086 2872 autem
1101 2815 1261 2886 persistebat
1275 2815 1301 2871 in
1326 2816 1498 2888 simplicitate
1513 2826 1542 2875 ct
1562 2819 1687 2888 operibus
1702 2820 1792 2887 bonis,

187 2910 231 2966 lll.
249 2909 572 2981 Lupicinusigitnrahbas
583 2925 643 2964 cum
657 2910 746 2965 minus
757 2910 947 2967 haberetuudo
996 2907 1109 2963 ri=itans
1130 2907 1250 2963 indrxuos
1262 2946 1271 2973 ,
1284 2907 1312 2961 e't
1328 2907 1492 2984 saltantem
1506 2910 1627 2966 oratione
1641 2925 1700 2967 ιιιι.

136 3010 252 3058 dantum
265 3002 410 3056 sustineret
421 2990 658 3072 congregationem
670 3041 678 3068 ‚
691 3001 823 3057 revelarit
833 3003 858 3057 ei
876 3003 945 3058 licus
1034 2999 1077 3054 ll.
1092 2999 1200 3054 Factum
1221 3007 1264 3055 est
1276 3007 1366 3054 autem
1386 2999 1502 3069 quodam
1517 3009 1649 3070 tempore,
1660 3000 1724 3057 dunt
1737 3002 1790 3057 iter

153 3095 243 3150 laneum
258 3094 283 3148 iu
297 3107 399 3159 cremo,
411 3092 437 3147 in
451 3107 503 3162 quo
523 3092 670 3163 antiquitus
682 3093 801 3149 thesauri
812 3095 945 3150 reconditi
997 3100 1088 3161 ageret
1101 3089 1134 3144 ad
1160 3087 1307 3143 visitandos
1322 3087 1418 3143 iratres
1430 3128 1439 3155 ,
1453 3099 1502 3156 ut,
1518 3101 1667 3161 occupante
1693 3105 1791 3160 crepn·

151 3183 259 3238 inerant
274 3202 281 3238 ε
295 3182 329 3238 ad
344 3198 422 3254 quem
443 3183 531 3237 lucum
545 3182 676 3238 accedens
698 3183 783 3250 sulus,
794 3199 887 3239 auratus
902 3200 946 3239 ar·
962 3187 984 3249 c
998 3178 1086 3245 scuto,
1109 3177 1142 3234 ad
1169 3176 1340 3247 bnspitiolnnr
1362 3177 1508 3233 diverteret
1519 3179 1697 3249 leprosorum.
1713 3181 1802 3236 lirant

151 3287 324 3348 gentemque,
348 3285 475 3346 quantum
488 3275 578 3332 leuare
592 3285 711 3345 poterat,
727 3276 947 3338 monasterium.
999 3279 1189 3327 autemnoscm
1201 3268 1260 3325 tiri.
1274 3269 1474 3340 Suseeptusque
1488 3269 1522 3325 ab
1536 3270 1586 3340 eis,
1595 3272 1685 3326 statim
1699 3272 1793 3342 plenus

151 3367 265 3433 terebat,
290 3365 433 3435 etexinde,
459 3374 583 3436 coempto
597 3365 669 3431 cibo,
684 3365 821 3422 rchciebat
834 3351 947 3424 iratru'm
998 3364 1128 3423 charitate
1143 3363 1190 3418 liei
1202 3363 1285 3432 jussit
1300 3377 1397 3433 aquam
1417 3361 1532 3437 calidam
1554 3361 1623 3428 heri,
1639 3370 1720 3436 atque
1734 3380 1793 3418 uun·

151 3460 336 3517 multitudines
348 3475 415 3529 qnos
425 3459 458 3514 ad
472 3459 517 3514 ilci
532 3458 649 3515 cilicium
657 3471 876 3531 congregaverat.
890 3462 948 3519 Sic·
999 3457 1072 3512 nium
1087 3452 1169 3526 pedes
1182 3467 1263 3508 manu
1277 3454 1385 3523 propria
1401 3451 1468 3507 lauit
1478 3493 1486 3519 ,
1498 3452 1679 3524 lectulumque
1693 3456 1793 3524 spatio·

127 3567 206 3624 ,ψ
221 3551 333 3608 faciebat
348 3567 394 3622 per
405 3551 527 3619 singulos
538 3565 633 3606 aursus.
649 3551 719 3606 Nulli
734 3561 823 3607 carnea
834 3549 946 3609 fratrum
998 3561 1058 3603 suan
1071 3545 1129 3602 lieri
1138 3544 1310 3616 praecepium
1324 3558 1419 3601 omnes
1432 3544 1459 3600 in
1471 3560 1525 3600 uno
1539 3547 1792 3617 straturequiesce·

152 3641 277 3714 gmteiccit
292 3641 379 3696 locum
394 3655 473 3711 quem
492 3641 516 3696 ci
537 3639 665 3697 [lominus
679 3641 856 3712 dignatusest
869 3657 949 3699 rere·
999 3647 1070 3705 tent,
1084 3653 1137 3694 non
1158 3638 1310 3694 abhorrens
1336 3636 1577 3715 luridaemaculam
1601 3639 1694 3709 lepre.
1716 3640 1796 3708 Quod

152 3736 220 3792 lare.
236 3734 345 3789 Factum
366 3741 407 3787 est
419 3742 508 3785 antem
520 3742 549 3786 nt
562 3732 677 3798 quodam
689 3742 810 3802 tempore
828 3734 949 3790 risitaret
993 3746 1059 3802 ⁸curu
1075 3730 1175 3786 iactum
1188 3727 1301 3798 luisset,
1313 3727 1543 3785 obdormientibus
1558 3730 1682 3799 leprosis,
1697 3712 1739 3786 hic
1752 3731 1793 3786 in-

152 3824 250 3882 lratres
271 3840 338 3893 quos
361 3825 388 3878 in
408 3824 460 3878 iltis
474 3822 640 3877 hicmauniar
664 3822 817 3894 regionibns
832 3825 949 3883 diximus
1000 3829 1042 3878 ter
1055 3822 1256 3877 decantationes
1278 3820 1590 3893 psalmorumnigilans,
1605 3822 1725 3878 extendit
1737 3837 1793 3877 ma-

152 3923 344 3987 congregatum
358 3923 386 3969 et
400 3913 532 3968 accedeus
550 3912 682 3980 meridie,
698 3927 760 3968 cum
783 3913 871 3970 adhuc
895 3914 950 3969 ira·
999 3929 1063 3972 utrm
1078 3927 1165 3978 suam,
1188 3922 1215 3968 et
1230 3909 1397 3982 tetigitlatus
1409 3911 1508 3966 inhrani
1523 3913 1622 3977 unius,
1646 3914 1793 3983 statimque

151 4018 209 4062 tres
233 4007 261 4060 in
287 4019 353 4075 agro
367 4011 469 4067 essent,
494 4002 827 4081 ingressusestdomnm,
843 4002 871 4059 in
896 4019 948 4074 qna
1000 4005 1143 4060 extradatus
1165 4013 1207 4059 est
1231 4020 1239 4058 ι
1268 4014 1392 4072 tactuque
1423 4002 1525 4058 salubri
1555 4004 1650 4060 lterum
1683 4014 1794 4076 tangens

152 4099 206 4154 cibi
222 4097 407 4167 coquebantur
432 4094 465 4149 ad
485 4094 658 4150 relicicndunt
672 4110 679 4148 ι
695 4093 814 4164 viditque
829 4095 949 4153 diverso·
998 4097 1093 4161 alium,
1118 4095 1223 4166 etipse
1248 4095 1371 4164 protinus
1396 4105 1439 4149 est
1462 4093 1614 4150 inundatus
1631 4095 1751 4165 Curtaque
1764 4113 1794 4155 se

152 4204 213 4246 runt
224 4188 548 4255 lerculorumapparatum
561 4185 872 4255 maganumpisctnmqne
881 4185 949 4240 mul·
999 4186 1147 4242 sembsent
1156 4184 1276 4241 redditos
1287 4183 1406 4249 sauitml,
1415 4183 1504 4256 tetigit
1515 4186 1697 4256 sanusquisque
1705 4189 1794 4255 proxi·

151 4279 293 4348 titudinem
305 4286 495 4349 aggregatam,
513 4273 635 4345 diaitqne
648 4275 676 4331 in
700 4276 783 4331 eorde
805 4289 856 4331 suo
869 4292 876 4329 ι
890 4275 949 4333 lion
1001 4294 1073 4334 mnan
1085 4290 1185 4342 suam,
1200 4283 1229 4331 ut
1242 4273 1345 4331 scilicet
1356 4273 1534 4345 expergefacti
1548 4283 1673 4346 rogarent
1688 4276 1794 4349 1150

152 4383 196 4430 est
216 4371 325 4444 digama
347 4352 376 4425 nt
400 4368 544 4435 mannuli,
561 4382 674 4439 quorum
692 4366 746 4423 rita
760 4366 882 4423 solitaria
895 4376 948 4436 est,
1000 4370 1129 4425 Sancttau
1142 4381 1190 4438 pro
1201 4365 1392 4423 emundatione
1410 4379 1469 4421 sua.
1482 4363 1535 4422 Sed
1550 4379 1611 4420 cnm
1628 4367 1692 4421 tacti
1707 4369 1740 4421 ah
1753 4368 1794 4422 in·

151 4476 209 4523 tam
220 4467 319 4536 ineptis
332 4475 442 4522 utantur
451 4465 613 4534 surruptibus.
634 4464 667 4520 Et
679 4463 862 4534 statimiussit
881 4477 951 4533 prae-
1000 4460 1087 4515 ricem
1108 4457 1240 4524 luissent,
1255 4463 1284 4512 et
1307 4455 1357 4525 ipsi
1372 4453 1492 4509 mnatdati
1514 4455 1680 4513 enocham
1702 4463 1794 4516 autem

152 4557 242 4626 parari
252 4570 355 4610 aucum
368 4569 504 4626 magnum.
517 4554 638 4624 tlunrque
653 4553 754 4608 locatus
768 4553 947 4623 superiguem
961 4560 987 4622 υ
1000 4550 1070 4608 lacto
1093 4549 1227 4618 urridens
1240 4562 1341 4604 omncs·
1351 4547 1453 4604 nitente
1464 4559 1527 4603 cute
1540 4547 1677 4618 elhdgere,
1689 4551 1790 4619 gratias

114 4677 129 4697 κ
151 4648 261 4705 terrere
274 4647 408 4715 cupisset,
434 4645 524 4716 postris
546 4645 572 4699 in
587 4658 621 4699 eo
636 4651 745 4698 curretos
764 4642 863 4707 simul.
878 4656 947 4712 quos
1001 4655 1083 4714 agens
1103 4640 1170 4706 beo,
1194 4649 1222 4693 et
1249 4639 1308 4693 sale
1330 4638 1434 4707 dicetis,
1459 4653 1492 4694 ac
1517 4637 1682 4710 singuternut
1702 4643 1796 4699 oscula

152 4748 314 4810 paraverant
340 4739 435 4800 citios,
452 4745 504 4790 ιιιιι
521 4737 607 4805 pisces¹
621 4750 699 4802 quam
714 4734 787 4788 olera
802 4732 949 4803 sinolegu·
1002 4733 1098 4799 libans,
1111 4731 1257 4796 abscessit;
1273 4727 1401 4783 ulandans
1416 4729 1456 4785 eis
1470 4736 1500 4783 ut
1509 4743 1617 4798 semper
1631 4745 1662 4786 ea
1677 4747 1737 4801 quae
1748 4734 1795 4788 llci

154 4831 239 4894 arista,
256 4830 296 4884 vel
316 4827 443 4899 quidquid
458 4829 491 4881 ad
507 4827 699 4883 eorrredendurn
718 4824 948 4881 monachisdesti·
1001 4829 1114 4881 erasutet
1127 4820 1275 4899 retinerent
1295 4829 1422 4887 pectore,
1440 4827 1467 4874 et
1482 4819 1611 4888 operibns
1622 4833 1795 4879 exercerent.

153 4933 246 4980 satum
266 4921 363 4987 iuerat,
387 4920 525 4991 dixitque:
552 4921 589 4975 lle
604 4919 646 4975 itis
660 4918 778 4988 pultibus
791 4933 864 4975 nunc
886 4919 948 4974 rell·
1038 4913 1070 4968 t.
1087 4910 1231 4979 Lupicinus
1255 4908 1412 4981 autenticus
1428 4925 1512 4967 senex
1527 4909 1615 4967 lactus
1633 4913 1803 4969 necessitati·

153 5015 259 5070 eiarnur
271 5012 377 5068 iratres.
391 5012 457 5067 liam
473 5026 526 5066 non
548 5011 651 5066 deliciis
670 5019 774 5075 racem,
791 5023 851 5079 quaa
871 5023 918 5064 eos
933 5022 954 5062 ι
1001 5002 1181 5077 chilpericum
1195 5012 1209 5042 ¹
1222 5017 1313 5074 rogent
1326 5042 1335 5070 ,
1349 5002 1394 5074 qni
1416 5013 1478 5060 lunc
1492 5003 1652 5077 Burgundim
1667 5015 1801 5083 praeeratA

156 5170 188 5211 ac
202 5153 310 5210 dentum
325 5150 409 5207 uncti
423 5147 527 5206 (llaudil
541 5161 549 5213 ;
563 5145 633 5217 quod
645 5145 706 5210 ille,
718 5143 830 5200 dimisso
846 5142 949 5199 lisam
1000 5149 1153 5195 sanctorum
1167 5138 1233 5195 tlrd.
1248 5131 1520 5223 berned.edies'·annt,
1537 5156 1594 5209 pag,
1611 5137 1675 5222 tili.
1693 5138 1795 5195 uisitur

285 5217 680 5302 sunthusen
693 5211 949 5340 deuastati.
1000 5208 1795 5350 sustinuerunt...latratustatas

157 5293 405 5425 ¹§.mull?'ll'm'tlesqcltlie
417 5298 526 5414 orr‘dlilrlmet
536 5300 949 5413 hanff-‘ruffinianus-
1000 5297 1058 5410 tlicr.
1075 5351 1181 5419 iupago
1205 5350 1334 5406 bertremi
1349 5351 1385 5417 (le
1411 5318 1504 5402 canton
1518 5349 1550 5401 de
1561 5345 1670 5415 ertc),
1683 5347 1712 5404 in
1726 5348 1793 5405 liet.

155 5449 293 5492 mursense
303 5433 347 5487 dic
358 5446 414 5495 um,
428 5427 587 5500 jampridem
600 5427 764 5482 destructum
775 5424 948 5492 estasnper-
1002 5421 1083 5544 retiaff
1098 5434 1182 5501 prope
1193 5419 1430 5474 NorumCastmm
1442 5416 1631 5487 (despondet).

156 5504 403 5572 „emissamque
422 5499 583 5568 parochialis
595 5505 637 5552 eat
648 5494 749 5551 titulus.
765 5494 882 5563 beatique
892 5502 949 5548 ter·
1081 5488 1322 5558 sestchdpericus
1332 5485 1482 5542 Gnndinrhi
1497 5487 1713 5556 Burgundiunure
1722 5489 1803 5559 regis

159 5577 320 5632 tiaran-siunai
337 5573 362 5626 in
387 5574 515 5625 enstdtatn
530 5566 666 5623 walacras
692 5565 815 5620 dioeecsls
829 5563 948 5618 hnsau·
1004 5561 1084 5626 nlius,
1095 5559 1218 5615 Clutsldis
1229 5598 1239 5640 t
1250 5560 1374 5614 taxatores
1391 5557 1477 5629 blagur
1490 5555 1671 5626 Frattc.‚regls
1685 5565 1794 5626 uxoris,

160 5650 313 5704 semissen
339 5641 544 5704 bisiniensis,
566 5638 664 5693 sarctrlo
680 5651 706 5692 ax
724 5637 840 5698 labente,
864 5634 949 5688 sattcti
1005 5641 1101 5701 pater:
1121 5644 1200 5699 quesn
1213 5643 1272 5698 equs
1285 5627 1369 5683 irater
1382 5627 1564 5683 Gundohadus
1575 5643 1636 5684 carm
1651 5644 1734 5683 uxore
1747 5645 1794 5684 oc·

157 5717 262 5775 οιιοιιιι
283 5713 466 5769 clunniacensis
489 5709 592 5764 abbatis
625 5706 747 5777 regimini
777 5704 951 5759 courrnissntu
1003 5703 1079 5767 cidit,
1091 5713 1120 5754 ut
1132 5695 1394 5768 narrantliregoriua
1405 5697 1480 5780 illan
1493 5697 1560 5779 llist.
1573 5714 1632 5767 cap.
1644 5698 1717 5780 illust
1728 5696 1800 5753 lires

156 5787 306 5857 iniquies
318 5781 413 5840 litteris
426 5779 661 5852 adolescemus,
672 5792 730 5848 qur
742 5774 841 5831 iaculo
856 5790 871 5829 ι
885 5776 948 5832 Act.
1004 5775 1128 5844 degarius
1140 5770 1250 5843 epitom.
1273 5782 1335 5840 cap.
1351 5768 1396 5825 ll.
1414 5768 1462 5824 lltc
1485 5781 1586 5840 regiam
1610 5769 1701 5824 habunt
1723 5769 1806 5838 apud.
