3794 6128
81 163 151 227 ibit
591 244 598 263 ι
615 171 644 231 S.
665 168 845 231 diaconii
864 166 1030 231 Episcopi
1049 168 1285 233 TURONENSIS
1755 180 1824 243 tiiit

78 288 165 365 pleno
179 293 256 367 regis
270 299 299 353 et
312 295 412 371 populi
428 296 565 371 suffragio
582 295 734 371 episcopus
756 294 1060 370 LugdunenAderet,
1087 274 1226 357 diaeonus
1256 298 1474 373 responsorium
1499 294 1686 375 psalmumd
1721 320 1826 365 muers

80 377 359 441 deordinatusfuit.
374 382 443 442 Erat
463 385 543 443 enim
557 384 748 459 precipuus·
770 383 932 443 concordiae
971 384 1067 458 eoepit.
1094 385 1131 444 Et
1154 384 1205 443 ille
1231 392 1403 459 commotus,
1433 388 1497 447 ait:
1525 390 1624 464 sileat,
1649 391 1746 468 sileat,
1773 408 1827 453 uec

79 469 325 542 aepacisamaior
342 474 427 531 :etsi
451 473 540 533 laesus
565 475 667 534 fuisset
692 475 729 534 ah
753 475 863 549 aliquo,
879 481 932 533 sta·
971 479 1128 546 praesumat
1154 489 1257 533 cauere
1275 475 1397 549 iustitiae
1417 476 1567 553 inimicus,
1592 489 1621 540 et
1635 481 1712 542 dicto
1739 480 1827 541 citius

78 560 199 621 hmani
213 563 375 621 remittebat
392 580 445 638 per
462 580 504 634 se,
524 571 575 625 aut
592 580 643 639 per
655 564 746 624 alium
763 562 931 623 insinuabat
971 561 1097 637 oppilato
1111 579 1160 622 ore
1174 562 1266 624 siluit.
1280 564 1428 637 iussitque
1440 582 1509 625 eum
1532 570 1629 629 vocari
1652 571 1687 629 ad
1713 587 1745 630 se
1758 570 1827 630 San·

79 652 194 711 vanum
210 652 365 725 deprecari.
389 654 462 711 Nam
489 654 550 713 vidi
577 670 629 729 ogo
650 655 776 729 quodam
804 662 931 728 tempore
971 645 1045 721 ctu's,
1061 658 1088 710 ct
1102 652 1161 711 ait:
1188 653 1289 712 Nonne
1305 669 1495 727 praeceperam
1510 656 1561 715 tihi
1578 674 1615 717 ne
1628 659 1826 733 ingredereris

77 741 221 803 Basiliam
249 745 448 818 presbyterum
468 745 591 804 missum
618 745 655 803 ah
673 760 706 804 eo
724 744 759 803 ad
776 746 930 802 Armenta-
971 740 1121 799 ecclesiam
1138 741 1208 800 liei?
1222 751 1249 801 et
1264 758 1316 801 cur
1337 759 1411 803 ausu
1436 747 1588 806 mmorario
1608 748 1723 822 ingredi
1748 764 1824 821 prae·

77 829 157 889 rium
171 830 183 860 ⁸
199 831 345 901 comitem,
366 832 417 904 qui
432 832 659 905 Lugdunensem
687 831 790 891 urbem
804 830 851 889 his
867 830 930 889 die·
971 830 1146 904 sumpsisti?
1163 839 1213 891 ant
1230 848 1284 891 cur
1302 849 1402 893 vocem
1420 836 1452 894 in
1474 838 1593 896 canticis
1614 839 1774 899 dominicis
1792 856 1826 899 es

76 917 133 979 hus
160 923 298 993 potestate
321 920 476 992 judiciaria
510 920 711 993 gubernabat3
732 920 867 993 dixitque
894 918 929 977 ad
971 931 1060 993 ausus
1089 917 1244 977 emittere?
1271 919 1460 994 Stupentibus
1484 931 1581 982 autem
1604 926 1746 985 omnibus
1771 924 1824 1001 qui

76 1020 145 1067 eum
162 1030 169 1065 r
186 1006 320 1067 Pontifex
344 1016 442 1069 uostm
455 1026 549 1071 causae
572 1011 651 1077 huic,
666 1026 733 1083 quan
759 1010 855 1069 denuo
871 1009 927 1067 im·
969 1005 1098 1075 aderant,
1116 1014 1144 1065 et
1168 1008 1244 1066 nilril
1269 1009 1339 1068 mali
1365 1010 1402 1070 de
1421 1011 1541 1072 diacono
1561 1023 1712 1088 noverant,
1727 1016 1825 1075 excla-

24 1144 27 1149 .
74 1098 193 1172 petitur,
209 1098 275 1159 dato
290 1101 412 1174 judicio,
435 1103 593 1161 terminum
615 1101 691 1173 fecii,
707 1101 830 1175 ideoque
848 1115 928 1157 rom·
971 1095 1062 1155 mavit
1085 1095 1264 1156 daemonium
1286 1099 1317 1158 in
1336 1115 1379 1170 eo,
1409 1107 1438 1159 et
1462 1104 1645 1178 retorqueri
1670 1120 1688 1162 a
1717 1103 1824 1165 Sancto

74 1193 223 1247 monetne
236 1205 300 1248 eam
314 1190 419 1250 iterare
435 1206 604 1264 praesumas.
618 1189 674 1261 Qui
693 1190 793 1249 furore
807 1203 926 1247 succen-
968 1183 1122 1243 immensis
1150 1185 1327 1247 crucialibus
1356 1186 1518 1248 confitetur.
1546 1189 1611 1265 Ipse
1635 1191 1716 1251 enim
1744 1207 1824 1267 prae-

75 1277 285 1352 suarespondit
296 1278 463 1352 presbytero
479 1298 486 1337 :
501 1278 580 1337 Vade
593 1284 620 1336 ei
634 1277 681 1336 dic
695 1279 723 1337 ei
741 1278 812 1352 quia
825 1277 927 1337 multae
968 1278 1129 1346 sumpserat
1153 1273 1185 1332 in
1211 1274 1329 1335 ecclesia
1353 1291 1466 1349 canere,
1495 1279 1580 1354 cujus
1610 1294 1711 1339 vocem
1735 1279 1825 1355 igno-

74 1371 145 1451 sunt
165 1380 261 1425 causae
280 1366 309 1425 in
332 1367 395 1441 ejus
416 1373 570 1441 conspectu
592 1367 701 1437 posiae,
721 1382 788 1442 quaa
807 1366 927 1425 alterius
967 1362 1101 1421 rantibus
1114 1362 1229 1437 populis
1251 1362 1374 1425 Sanctum
1395 1366 1514 1439 agnovit
1529 1384 1538 1438 ;
1556 1374 1585 1425 et
1597 1367 1694 1441 ipsum
1723 1367 1825 1427 verbis

71 1452 183 1529 judicio
211 1453 348 1514 finiendae
373 1462 468 1515 erunt.
495 1455 656 1529 Regressus
684 1454 833 1529 presbyter
861 1470 927 1528 quae
966 1453 1125 1526 acerrimis,
1147 1470 1206 1514 non
1220 1455 1374 1516 diaconum
1388 1464 1408 1526 ·,
1424 1458 1595 1517 exsecravit.
1623 1457 1709 1517 Tunc
1727 1458 1825 1533 impo-

73 1542 187 1603 audirit
204 1544 374 1619 simpliciter
399 1546 545 1620 exposuit.
563 1544 685 1605 Sanctm
706 1560 774 1603 vero
798 1544 927 1606 Nicetius
968 1542 1031 1602 sitis
1045 1542 1170 1604 Sanctus
1184 1546 1304 1604 diacono
1322 1547 1469 1619 manibus,
1487 1549 1577 1623 ejecto
1595 1549 1742 1620 daemone,
1756 1562 1825 1623 per-

73 1637 235 1693 eommotus
247 1640 346 1693 contra
361 1649 439 1705 eum,
455 1635 516 1694 eit:
538 1633 623 1708 Vere,
639 1636 772 1710 inquam,
793 1635 862 1709 quia
872 1652 957 1718 eug
968 1647 1069 1692 sonam
1083 1632 1209 1693 restituit
1225 1632 1352 1705 integrae
1359 1636 1461 1695 menti.

73 1720 165 1795 logias
178 1721 215 1782 de
230 1738 319 1782 mauu
333 1739 398 1783 mea
413 1739 472 1783 uon
486 1724 618 1797 accipies,
634 1740 685 1799 pro
696 1725 822 1798 eoquod
838 1725 927 1783 verba
1005 1720 1039 1780 V.
1054 1720 1109 1780 His
1132 1728 1160 1779 et
1181 1722 1248 1781 aliis
1272 1724 1364 1798 signis
1382 1723 1543 1783 declaratus
1557 1725 1587 1785 in
1610 1725 1738 1800 populis,
1761 1726 1825 1799 epi·

73 1824 141 1885 quae
155 1809 238 1870 furor
250 1813 348 1885 exegit
359 1813 434 1871 meis
452 1812 572 1872 auribus
584 1812 720 1872 intulisti.
737 1812 806 1871 Erat
829 1818 926 1871 autem
968 1814 1102 1883 scopatus
1115 1810 1162 1888 sui
1176 1826 1254 1871 anno
1269 1813 1315 1886 ni,
1329 1821 1413 1872 aeiaie
1429 1816 1617 1889 sexagenaria
1636 1814 1776 1889 migravit
1787 1814 1824 1874 ad

72 1900 209 1961 contiuo
229 1902 410 1974 recumbens,
431 1901 468 1961 ad
494 1903 578 1977 cujus
604 1908 632 1961 et
657 1902 710 1975 e'go
733 1903 838 1961 laevam
860 1916 927 1961 cum
969 1900 1127 1960 Christum.
1143 1900 1200 1972 Qui
1213 1901 1286 1961 dum
1305 1903 1429 1963 ferretur
1443 1905 1479 1963 ad
1502 1905 1712 1980 sepeliendum,
1727 1919 1826 1965 caecus

72 1986 170 2051 adhue
190 1989 360 2049 diaconatus
388 1990 526 2065 fungerer
549 1991 644 2050 officio
673 1990 854 2065 propinquus
877 2004 927 2047 ae-
969 1989 1091 2062 quidam
1113 2004 1145 2048 se
1167 1990 1221 2049 sub
1243 1991 1348 2050 feretro
1370 1992 1511 2065 flagitant
1528 1992 1643 2065 adduci,
1665 1993 1826 2069 statimque

70 2078 240 2151 cubueram,
256 2080 390 2155 dixitque
407 2080 480 2139 mihi
503 2080 665 2153 secretius:
695 2081 827 2156 Loquere
845 2094 925 2154 pres·
967 2078 1125 2152 ingressus,
1160 2078 1261 2138 vultus
1296 2079 1348 2138 diu
1373 2078 1488 2139 lumine
1515 2081 1662 2151 viduatus,
1688 2080 1826 2141 reseratis

72 2165 193 2241 hyteris,
226 2172 260 2227 ut
284 2167 475 2242 deprecentur
502 2183 554 2242 pro
578 2182 622 2225 eo.
650 2164 781 2241 Cumque
803 2166 927 2225 docutus
967 2167 1071 2240 oculis,
1092 2166 1295 2228 adornatur¹:
1311 2184 1365 2227 nec
1379 2167 1494 2229 distulit
1515 2169 1615 2228 divina
1644 2170 1738 2244 pietas
1757 2170 1827 2229 hea-

72 2256 203 2329 fuimem,
227 2273 285 2317 non
313 2256 508 2329 intelligentes
530 2255 710 2316 voluntatem
737 2254 833 2315 Sancti
858 2254 926 2313 sile·
968 2263 1012 2316 tos
1031 2262 1112 2315 artus
1131 2256 1292 2331 glorificare
1316 2259 1418 2332 signis,
1441 2260 1528 2334 cujus
1550 2260 1664 2319 beatam
1690 2261 1824 2320 animam

72 2344 153 2406 hunt.
175 2344 258 2418 Quod
276 2345 327 2405 iile
346 2361 488 2406 cernens:
514 2346 570 2419 Tu,
595 2345 702 2420 inquit,
722 2360 808 2418 surge
824 2349 853 2403 et
874 2343 925 2403 de·
968 2360 1036 2403 eum
1050 2344 1146 2403 choris
1160 2344 1299 2419 angelicis
1310 2336 1486 2421 'suscipiebat
1505 2347 1537 2407 in
1551 2347 1646 2407 astris.
1669 2348 1739 2407 Post
1762 2348 1827 2409 dies

72 2451 191 2511 precare
208 2454 261 2512 pro
274 2454 318 2497 eo.
337 2440 375 2497 At
390 2454 443 2512 ego
457 2452 525 2497 cum
543 2437 733 2511 trepidatione
750 2451 928 2511 consurgens
968 2442 1066 2494 autem
1078 2449 1152 2508 quos
1166 2434 1214 2493 lex
1229 2436 1360 2496 Romana
1377 2437 1511 2510 sancivit,
1528 2443 1560 2497 ut
1571 2438 1702 2498 defuncti
1722 2438 1824 2513 cuius-

72 2526 219 2588 osculatus
242 2543 308 2587 sum
333 2536 432 2588 sancta
455 2528 519 2601 ejus
541 2542 646 2600 genua,
670 2542 756 2586 orans
772 2541 824 2601 pro
848 2542 927 2601 pres·
968 2525 1046 2599 piam
1067 2524 1202 2588 voluntas
1227 2522 1323 2581 1188
1346 2524 1462 2599 publice
1482 2526 1638 2601 relegatur,
1659 2528 1753 2603 hujus
1768 2543 1824 2587 au·

73 2614 186 2691 hytero.
207 2615 271 2699 Quo
286 2615 468 2690 indulgente,
494 2624 581 2690 atque
604 2616 733 2690 eulogias
751 2615 926 2690 porrigente,
970 2614 1068 2674 tistitis
1080 2622 1285 2677 testamentum
1303 2617 1336 2675 in
1351 2618 1411 2676 foro
1425 2617 1564 2690 delatum,
1588 2619 1682 2679 turbis
1695 2620 1824 2680 circum·

72 2705 137 2767 ait:
157 2706 247 2781 Rogo,
278 2705 459 2766 dilectissimi
491 2706 604 2777 fratres,
635 2713 668 2766 ut
695 2706 783 2765 verba
809 2706 927 2765 inutilia
967 2706 1122 2779 stantibus,
1154 2722 1171 2765 a
1205 2707 1305 2781 judice
1332 2715 1492 2768 reseratum
1519 2710 1733 2785 mciiatumque
1770 2716 1825 2769 est.

73 2810 143 2873 qum
157 2795 263 2869 ignave
275 2795 476 2868 mussitantur,
491 2811 577 2854 aures
591 2810 670 2854 meas
688 2809 748 2854 nou
763 2795 926 2865 verberent,
969 2790 1123 2869 Presbyter
1135 2810 1251 2870 quoque
1266 2795 1393 2855 basilicae
1419 2804 1532 2856 tumens
1545 2797 1622 2870 felle,
1648 2797 1727 2872 quod
1744 2796 1823 2856 nihil

73 2886 217 2962 quianon
241 2891 284 2945 est
304 2884 429 2957 dignum
448 2892 481 2944 ut
498 2884 633 2943 homines
659 2885 844 2944 rationabiles
858 2883 928 2943 irra-
970 2882 1032 2943 loco
1046 2881 1090 2942 illi
1109 2884 1139 2943 in
1155 2899 1214 2958 quo
1230 2884 1361 2958 sepultus
1375 2886 1468 2945 fuerat
1482 2885 1657 2959 reliquisset,
1672 2886 1735 2945 ait:
1756 2885 1826 2945 die-

73 2970 259 3034 tionahiiium
274 2971 850 3047 hominumprocaciaverbasuscipiant.
867 2972 1040 3075 Hocchaut
1071 2989 1185 3049 semper
1206 2974 1340 3049 plerique
1363 2975 1501 3035 stolidum
1527 2975 1617 3035 fuisse
1645 2975 1828 3035 Nicetium:

75 3066 259 3124 tautameos
283 3062 398 3123 studere
415 3069 535 3138 oportet,
556 3069 589 3123 ut
612 3062 657 3122 illi
679 3062 731 3137 qui
755 3071 853 3121 contra
876 3061 928 3120 Ec·
969 3063 1094 3123 uuucad
1110 3063 1255 3138 liquidum
1269 3080 1372 3125 verum
1386 3070 1549 3140 essepatet,
1567 3080 1636 3124 cum
1659 3064 1737 3125 nihil
1751 3064 1828 3124 hasi-

74 3150 171 3213 olesiae
185 3152 340 3238 utilitatem
352 3154 487 3227 quaedam
497 3154 664 3213 machinare
674 3152 808 3225 cupiunt,
824 3151 928 3209 vestris
969 3153 1035 3214 licie
1047 3154 1079 3213 in
1098 3169 1154 3229 qua
1176 3154 1337 3221 tumulatus
1350 3154 1555 3229 estdelegavit.
1572 3154 1711 3230 Sequenti
1724 3163 1826 3215 autem

72 3243 321 3320 propositionibus
346 3244 589 3304 confundantur:
618 3242 828 3302 irrationabilia
848 3241 927 3299 enim
971 3249 1057 3303 nocte
1071 3244 1205 3317 apparuit
1215 3244 1382 3317 presbytero
1400 3258 1468 3303 cum
1487 3243 1603 3303 duobus
1620 3242 1777 3317 episcopis,
1798 3240 1828 3302 id

76 3348 137 3395 nou
153 3332 249 3395 solum
275 3348 332 3393 non
347 3331 495 3406 admirari,
513 3333 564 3393 sed
585 3348 639 3391 nec
659 3331 762 3393 audire
785 3329 926 3389 desidero.
971 3342 1014 3395 est
1026 3335 1108 3395 Jusio
1122 3341 1208 3411 atquo
1224 3334 1369 3395 Eucherio
1381 3344 1404 3408 ⁸,
1420 3334 1452 3394 in
1470 3341 1549 3394 veste
1566 3333 1701 3407 fulgenti,
1726 3333 1828 3393 dicens

75 3422 230 3485 Obeatum
251 3424 348 3484 virum
363 3426 415 3500 qui
425 3424 506 3484 omni
519 3423 680 3484 intentione
694 3422 784 3481 vitare
797 3419 929 3495 cupiebat
971 3426 1007 3483 ad
1020 3439 1069 3484 eos
1082 3443 1089 3484 :
1103 3423 1160 3484 ilic
1181 3425 1338 3500 presbyter,
1368 3425 1544 3484 sanctissimi
1558 3425 1668 3490 fratres,
1693 3422 1830 3498 blasphe-

76 3516 266 3577 scandalum!
283 3516 413 3576 Audiaut
437 3520 533 3576 autem
552 3516 615 3575 haic
632 3513 688 3587 illi,
703 3513 755 3591 qui
783 3513 808 3573 si
826 3512 930 3572 odensi
971 3516 1040 3575 miis
1061 3531 1109 3574 mo
1122 3515 1219 3575 obruit
1237 3515 1346 3588 diceus,
1359 3515 1429 3589 quia
1447 3514 1522 3573 nihil
1544 3514 1688 3574 facultatis
1704 3515 1829 3587 scripse-

76 3606 198 3679 fuerint,
224 3607 372 3681 ignoscere
387 3606 502 3678 nolunt,
524 3607 573 3666 sed
587 3604 719 3665 totamm
741 3618 794 3663 sua
818 3604 930 3664 ultione
971 3607 1028 3665 rim
1047 3606 1153 3679 templo
1169 3604 1485 3681 huicquorequiesc03
1502 3611 1531 3663 et
1544 3602 1633 3663 nescit
1648 3603 1719 3678 quia
1738 3602 1829 3677 quid-

77 3701 270 3757 eouvoeautes
289 3695 402 3766 urbem,
416 3695 505 3754 eiiam
528 3701 613 3753 testes
635 3696 775 3754 adhihere
791 3709 849 3752 uon
867 3709 930 3753 me-
971 3696 1042 3773 quid
1061 3696 1214 3771 pretiosius
1228 3695 1317 3756 habui
1337 3694 1445 3754 ibidem
1464 3693 1580 3768 reliqui,
1602 3692 1690 3751 idest
1708 3692 1829 3767 glebam

80 3790 177 3857 tuuut,
206 3784 259 3858 qui
284 3783 403 3841 vocibus
419 3783 538 3841 nefariis
550 3782 669 3841 dicant:
690 3785 760 3844 Haec
786 3780 881 3842 1187
904 3790 932 3842 et
973 3788 1099 3861 corporis
1112 3785 1180 3843 mei.
1195 3787 1233 3844 At
1256 3785 1302 3843 illi
1323 3785 1484 3844 dixerunt:
1502 3782 1612 3857 Injuste
1633 3781 1702 3841 fecit
1728 3788 1765 3841 ut
1777 3782 1830 3841 ds·

78 3876 142 3937 hec
153 3875 323 3936 audivimus
334 3875 370 3933 de
389 3881 416 3933 te
436 3876 516 3934 huuc
532 3875 711 3949 loquentem.
729 3877 764 3937 iii
780 3878 820 3936 ita
845 3876 888 3945 tit,
900 3881 933 3935 ut
974 3874 1098 3932 traheret
1110 3888 1193 3932 servo
1213 3873 1275 3933 Dei.
1297 3871 1518 3946 Conversusque
1547 3869 1671 3930 Sanctus
1688 3868 1728 3928 ad
1752 3884 1832 3943 pres·

78 3982 219 4041 pauperes
236 3966 343 4026 Christi
361 3966 469 4026 talibus
483 3967 718 4028 accusationibus
733 3967 932 4028 misericordia
973 3962 1121 4038 hyterum.
1138 3962 1246 4036 pugnis
1263 3960 1425 4037 palmisque
1449 3966 1551 4034 guttur
1573 3960 1636 4033 ejus
1659 3955 1760 4029 illisit,
1784 3956 1831 4017 di·

79 4057 236 4133 postposita
250 4057 462 4133 opprimantur.
972 4068 1042 4113 cens
1066 4071 1073 4111 ε
1101 4053 1233 4112 Peccator
1260 4051 1441 4121 conterende,
1475 4049 1574 4108 desine
1609 4046 1697 4106 stulte
1734 4046 1831 4121 ioqui.

116 4146 167 4208 IV.
182 4147 312 4219 Quodam
327 4157 425 4209 autem
441 4165 525 4209 mane
542 4165 609 4210 cum
633 4151 808 4210 surrexisset
820 4150 857 4209 ad
870 4166 932 4209 ma·
973 4143 1199 4219 Expergelaclus
1211 4146 1309 4202 liutem
1328 4138 1487 4216 presbyter,
1511 4134 1673 4199 tumefactis
1692 4135 1833 4197 faucibus

81 4234 217 4296 tutinw
236 4244 352 4295 sanctus
371 4237 510 4308 Nicetius,
524 4236 696 4311 exspectatis
720 4238 835 4298 duabus
857 4238 933 4296 anti-
974 4236 1014 4295 ita
1037 4234 1186 4295 doloribus
1214 4237 1384 4303 coarctatur,
1413 4239 1446 4291 ut
1473 4231 1550 4305 ipsas
1575 4244 1692 4305 quoque
1723 4228 1834 4289 salivas

83 4322 200 4399 phanis,
216 4322 366 4398 ingressus
386 4330 432 4383 est
453 4325 485 4383 in
499 4325 671 4397 sacramum,
688 4324 741 4385 uhi
769 4325 846 4385 dum-
859 4324 1034 4450 resi-Doris
1046 4325 1099 4385 vix
1119 4340 1186 4383 cum
1198 4323 1296 4383 labore
1308 4329 1405 4398 posset
1426 4320 1557 4381 maximo
1573 4318 1730 4394 deglutire.
1747 4320 1835 4381 Unde

112 4529 371 4593 ·ilditi,ordinutas
379 4531 435 4597 titii
446 4530 606 4598 precipuas
974 4533 1051 4601 pref.
1069 4533 1103 4586 ad
1122 4532 1286 4587 Psalterlnm
1301 4533 1337 4585 ait
1363 4544 1462 4586 rersns
1482 4542 1579 4585 omnes
1599 4529 1736 4594 integros,
1750 4532 1837 4595 prout

113 4599 215 4664 bliell,
229 4602 448 4657 sementaricia.
976 4608 1133 4658 cantante
1161 4603 1330 4665 dicebantur,
1351 4604 1386 4657 ab
1403 4604 1478 4658 omni
1495 4605 1574 4657 'eoetu
1588 4603 1723 4666 repetitos
1744 4602 1838 4658 fuisse

112 4682 123 4733 ἢ
152 4672 214 4739 ilus
243 4675 278 4725 ad
309 4674 458 4727 matutinos
481 4673 683 4738 persolvendos
697 4673 817 4729 studium
846 4674 935 4728 hadal
977 4675 1330 4741 iupsalmisrespousorils.

82 4742 169 4801 itiebt
194 4755 279 4809 supra
309 4744 408 4798 laudati
433 4750 536 4799 auctor.
563 4746 619 4805 ouo
644 4746 780 4799 autemid
804 4746 896 4799 cordis
911 4750 937 4800 et
1008 4754 1018 4778 ·
1036 4746 1092 4809 lid,
1110 4757 1165 4799 oon
1181 4746 1292 4807 dicam,
1307 4757 1369 4813 qne
1383 4745 1469 4798 rerba
1485 4746 1545 4798 sur.
1563 4746 1590 4797 et
1604 4741 1677 4796 Boii.
1697 4744 1835 4799 omisere.

84 4817 140 4871 oris
169 4814 315 4868 devotione
336 4816 507 4880 persolveret
536 4818 577 4871 sie
607 4818 744 4883 exponit:
767 4835 782 4865 α
809 4818 937 4871 nocturni
1009 4818 1020 4856 ¹
1044 4818 1107 4870 iitde
1134 4817 1178 4870 lib.
1212 4816 1247 4872 de
1263 4817 1335 4871 iiior.
1369 4816 1441 4870 conl.
1468 4826 1529 4882 cap.
1554 4814 1594 4879 di,
1619 4814 1694 4879 quod
1725 4817 1771 4867 est
1799 4816 1838 4869 de

84 4886 130 4943 rel
156 4886 248 4939 diurni
277 4888 408 4952 temporis
430 4900 536 4949 cursus,
566 4902 634 4955 quos
662 4890 690 4941 in
714 4889 815 4941 divinis
843 4887 939 4941 officiis
979 4892 1040 4956 etus
1051 4889 1200 4942 miraculis.

84 4958 215 5012 institutio
239 4962 344 5010 vetusta
359 4970 444 5012 sacrae
471 4959 611 5024 religionis
637 4961 699 5012 tixis
715 4960 840 5011 terminis
864 4964 939 5013 ceria
1011 4961 1162 5024 aliterque
1188 4958 1374 5023 lugdunensis
1396 4959 1480 5024 episc.
1501 4958 1561 5012 fuit.
1582 4958 1701 5011 Sanctus
1737 4957 1840 5013 iustus

84 5028 147 5092 iege
170 5026 318 5088 constituit,
336 5031 372 5080 ita
395 5030 453 5095 iugi
478 5042 587 5095 semper
608 5031 743 5097 psallendi
769 5030 858 5082 studio
887 5042 937 5094 ge·
977 5032 1076 5085 colitur
1097 5030 1177 5083 diei
1199 5029 1344 5094 septemb..
1366 5030 1517 5083 liucherlus
1535 5040 1602 5083 raro
1628 5027 1657 5079 ib
1679 5028 1753 5082 lior.
1782 5030 1838 5084 ss-

84 5100 207 5159 minavit.
222 5103 251 5153 ut
269 5112 406 5166 nunquam
420 5101 454 5154 de
475 5114 524 5155 ore
550 5103 595 5157 rel
617 5103 651 5157 ds
671 5102 753 5155 eorde
775 5112 826 5153 suo
849 5100 937 5152 medl-
977 5102 1069 5167 polius
1094 5106 1136 5155 est
1164 5105 1254 5155 autem
1277 5101 1395 5154 lilerttus
1423 5103 1449 5152 in
1479 5099 1596 5155 eeclesia
1627 5100 1838 5164 apostolorum,

84 5171 150 5225 uuo
159 5171 257 5225 dimus
272 5171 342 5237 legis
353 5172 468 5226 abesset.
486 5193 500 5218 n
977 5185 1040 5240 qnae
1066 5173 1165 5226 exinde
1196 5174 1281 5224 moed
1309 5172 1402 5224 iliceili
1427 5172 1506 5229 dicis,
1538 5170 1674 5234 hodieque
1707 5171 1843 5226 subsistit

117 5241 129 5273 ⁴
157 5242 255 5296 Psalmi
287 5246 455 5309 responsorii
493 5246 521 5297 iu
553 5244 635 5298 missa
674 5244 772 5297 mutati
814 5244 937 5298 meminit
977 5244 1098 5308 collegio
1124 5245 1318 5296 canonicorum
1351 5246 1379 5295 et
1410 5242 1548 5308 parochia
1580 5240 1657 5292 titulo
1689 5240 1842 5316 decorata,

87 5314 232 5378 Gregorius
247 5313 363 5379 libvur,
384 5330 443 5382 cap.
457 5319 478 5374 ³.
504 5316 551 5368 uhi
572 5315 644 5367 hunc
666 5315 705 5366 ale
730 5312 829 5369 dicium
852 5316 937 5369 luisse
973 5306 1024 5366 ‘irbi
1052 5328 1137 5368 sacrae
1172 5315 1233 5379 eins
1269 5313 1393 5379 reliquia
1420 5316 1606 5366 asservantur.
1634 5310 1702 5376 Eius
1745 5316 1842 5379 epita-

86 5386 248 5448 notsrimus,
281 5390 353 5451 quod
380 5402 437 5441 nno
466 5400 576 5441 versum
604 5397 741 5452 quemque
768 5386 864 5451 psalmi
895 5386 936 5439 di·
977 5386 1070 5448 phium
1104 5385 1189 5439 refert
1220 5386 1380 5440 sierertius.
1407 5385 1473 5439 ium
1497 5381 1681 5451 patriarcham
1712 5386 1845 5450 appellat

86 5459 176 5522 cents,
203 5458 293 5511 caeleri
317 5461 490 5523 autiphonam
516 5472 566 5512 seu
591 5469 754 5521 responsum
788 5457 935 5522 subiunge-
977 5456 1123 5521 aregorius
1137 5455 1182 5509 lib.
1212 5469 1228 5508 r
1252 5456 1317 5512 illst.
1337 5468 1397 5524 cap.
1422 5457 1462 5509 29.
1483 5454 1647 5521 subscripsit
1673 5454 1784 5512 concii
1821 5470 1843 5513 ιι

86 5530 159 5594 rent,
184 5528 223 5581 uti
243 5528 358 5583 innuere
383 5532 490 5585 ridetur
516 5531 682 5595 augustiuus
704 5528 750 5581 fib.
766 5540 798 5581 ix
816 5528 935 5582 confess.
976 5528 1097 5593 lugdun.
1112 5540 1156 5583 an.
1170 5528 1227 5582 567.

86 5610 145 5667 esp.
159 5600 199 5654 it.
223 5599 253 5653 it
272 5600 295 5653 i.
312 5601 403 5666 Carus
418 5605 477 5657 sire
490 5603 647 5665 ihomasus,
672 5601 716 5654 air
743 5600 891 5663 eruditiss..
906 5602 936 5657 in
1032 5632 1036 5639 ·
