3794 6128
1334 220 1341 247 ι

128 294 197 352 turre
592 276 594 279 ’
649 289 809 347 turstenus
832 256 967 343 sornsu
991 286 1082 342 bullit
1099 289 1240 347 sutton.
1702 298 1770 356 tato

128 410 228 466 luroris
243 407 386 476 insoniunt,
402 424 454 480 qua
472 418 544 464 totus
557 408 583 463 iu
597 416 751 464 smtrtornru
766 407 922 478 satrguluem
937 406 961 464 Α
978 413 1122 468 nesrieudu
1138 413 1270 482 lecerunt,
1292 432 1320 470 nt
1336 416 1460 472 uidelicet
1474 417 1533 471 irtus
1548 432 1625 471 suere
1640 418 1770 484 saturnine

53 493 55 497 ’
130 514 249 571 preceps
262 500 450 566 innobebrtlur,
465 500 500 558 de
514 499 584 557 beati
599 496 697 557 lulloni
713 515 780 557 nece
795 500 922 556 dictabat.
976 503 1117 567 irroratus
1139 504 1228 561 lutura
1252 509 1324 562 solus
1350 509 1439 563 irruitis
1465 509 1551 574 deret,
1572 519 1599 568 et
1626 511 1769 573 pretiosius

127 592 182 651 Sed
194 593 303 649 occulo
317 592 364 649 Dei
374 592 577 660 musione
589 593 727 665 agebatur,
751 593 822 664 quod
838 602 866 649 et
879 592 930 663 illo¹
975 581 1084 653 rubetos
1104 596 1163 665 bet,
1189 612 1257 669 quos
1277 598 1455 669 rorrjuurerat
1479 600 1594 654 militare
1615 601 1772 672 rollegtuus,
1854 622 1864 636 ·

128 685 312 741 demessionis
326 685 465 741 cumulum
481 685 533 741 sibi
551 694 736 757 eraqqereret,
751 685 926 755 etglmiusns
975 690 1075 759 pariter
1095 690 1176 745 etiam
1203 689 1238 744 ibi
1266 690 1396 746 retiuerrt
1421 690 1564 760 sepulture
1591 693 1767 745 consecutiam.

131 788 234 848 martyr
247 776 281 833 sd
294 776 443 841 Cbrittetn,
462 778 532 833 sicut
551 776 608 848 jem
623 777 723 833 dudum
742 777 924 842 desiderabat,
976 781 1041 836 liam
1056 782 1126 838 sicut
1139 781 1163 836 ci
1178 781 1248 837 nulla
1265 781 1427 837 decretione
1440 782 1528 836 ntlnor
1541 793 1580 837 est
1595 782 1622 837 iu
1637 783 1769 847 coelepits

127 870 257 929 celeriter
272 870 435 941 ριιιιιιιίιει.
452 871 577 927 Festinus
591 872 691 942 itoque,
709 871 799 937 lictor,
821 886 882 925 rrum
897 872 924 926 in
976 875 1092 928 maxima
1104 882 1131 928 et
1142 875 1274 942 precipua
1290 873 1410 943 corporis
1426 885 1501 942 parte
1511 872 1629 928 sociatur
1643 872 1669 926 in
1684 883 1769 925 luttttt·

128 965 192 1024 loeo
205 965 251 1036 qui
267 963 398 1021 linirella
413 970 525 1020 necatur
537 971 660 1020 sarnetum
674 963 812 1018 lulianum
827 977 924 1018 cone·
976 963 1013 1018 lo.
1029 963 1051 1018 0
1065 979 1144 1034 equam
1161 962 1275 1020 leilciter
1299 965 1471 1021 beatissimus
1485 965 1536 1029 tir,
1552 979 1684 1036 urtumque
1703 978 1769 1019 con·

127 1058 221 1130 quenti
235 1063 349 1126 repertu
363 1055 521 1125 imprimens
536 1053 774 1128 ecurtornplaretur,
799 1053 845 1108 iile
857 1067 924 1123 qun·
975 1055 1030 1111 eito
1043 1055 1127 1126 gradu
1140 1054 1173 1109 ed
1185 1069 1319 1110 sunrmum
1334 1056 1434 1111 meruit
1448 1057 1588 1126 prevenire
1611 1055 1770 1126 fastigiumi
1875 1128 1877 1132 Α

130 1154 254 1208 rumdam
269 1149 373 1205 trniurn
388 1148 465 1219 quasi
480 1146 658 1204 occultsadns
677 1146 827 1216 itrqreditnr
849 1155 924 1216 tngu·
975 1161 1055 1216 quarn
1071 1145 1159 1200 subito
1171 1144 1293 1214 proiectu
1308 1161 1357 1215 pro
1370 1147 1478 1202 Clnristo
1491 1147 1616 1202 alacriter
1640 1148 1770 1204 dimicans
1807 1140 1810 1148 '

129 1240 210 1295 rinna.
236 1239 289 1296 Sed
316 1238 378 1308 quia
404 1246 469 1292 nutu
498 1238 545 1292 liri
566 1237 736 1292 sdversarius
762 1238 865 1307 insequi
895 1253 926 1293 sc
977 1237 1406 1311 tyrorudisiaetusestcroeritae
1421 1240 1771 1311 militis-ueteranuslquod

128 1333 205 1387 senti
217 1331 274 1399 bat,
291 1329 405 1398 trecium
416 1338 546 1385 evocante
559 1329 623 1392 Deo,
636 1318 679 1398 quii
691 1330 723 1383 ad
738 1331 835 1386 coelum
847 1343 926 1400 para·
976 1327 1080 1384 strenui
1104 1329 1301 1384 urrurmilitones
1322 1330 1363 1383 tis
1390 1330 1470 1399 longo
1493 1339 1614 1400 tempore
1635 1333 1785 1401 multoque.

130 1433 187 1480 tum
216 1420 331 1476 babebat
359 1434 514 1485 ascensum,
541 1420 679 1475 lmmerrri
711 1436 759 1491 per
782 1422 924 1477 divortium
976 1419 1069 1473 laboro
1093 1419 1246 1490 percipiunt
1269 1420 1593 1488 propositumvirtoribus
1619 1420 1769 1490 pru-mium,

129 1515 245 1584 amptius
256 1522 270 1552 ⁸
282 1512 391 1577 licelot,
407 1512 479 1568 illico
493 1527 522 1567 se
534 1511 621 1584 detegi
635 1521 768 1584 poposcnt,
779 1529 839 1569 rutra
851 1514 925 1570 uide·
976 1509 1051 1567 brori
1065 1511 1190 1566 corndirtu
1205 1510 1282 1567 tortis
1299 1511 1411 1567 bellator
1423 1511 1549 1580 obtinuit,
1564 1499 1772 1570 immortalitatis

127 1607 192 1663 lieet
211 1621 274 1663 eunt
293 1619 375 1662 serres
394 1605 520 1661 certetiso
544 1605 668 1661 occulere
690 1606 799 1661 edient.
823 1606 925 1674 Quibus
976 1601 1109 1672 stipendia
1127 1612 1313 1673 percepimus,
1330 1604 1506 1659 inexercitata
1520 1604 1650 1673 principie
1666 1604 1774 1660 victrici

126 1697 288 1754 numnbbus
304 1713 335 1753 ac
349 1698 560 1766 remorantibus,
573 1713 634 1754 carus
644 1698 755 1768 quidem
770 1698 814 1754 illo
828 1700 924 1755 aetnaei
976 1694 1138 1748 turturinum
1162 1693 1271 1765 iuclytis
1298 1700 1453 1749 sanctorum
1481 1692 1581 1750 tinibus
1608 1691 1771 1761 exaequavit.

130 1788 335 1865 irrumpentium
362 1799 468 1846 terrore
489 1798 636 1860 peteretur,
663 1805 698 1846 ne
721 1791 785 1860 quid
813 1792 923 1861 pertenit
940 1775 1080 1854 Boutbos
1101 1789 1190 1856 imque
1214 1788 1285 1842 sicut
1307 1786 1477 1855 predicanda
1494 1787 1625 1858 unartyrts
1645 1787 1771 1857 patientie

129 1879 323 1936 excusantibus
347 1880 510 1947 immineret,
541 1882 668 1938 contiuuo
697 1883 762 1938 loris
787 1884 924 1949 exsiliens,
977 1880 1166 1944 constitistis,
1194 1878 1228 1933 5¹³
1259 1878 1368 1949 attinnt
1397 1887 1596 1947 uemccutorum
1631 1878 1771 1933 atrocitate

130 1966 336 2037 inquitsouem
360 1969 487 2038 poscitis?
507 1985 586 2040 quem
611 1971 748 2042 anetitisi
774 1971 813 2027 Eu
834 1987 924 2031 coram
976 1972 1103 2041 peractis,
1126 1973 1152 2026 in
1175 1971 1271 2034 tribus,
1287 1981 1315 2027 ut
1335 1970 1370 2025 ita
1390 1970 1488 2036 dicum,
1505 1971 1624 2040 penitius
1637 1970 1769 2038 gloriosus
1880 1964 1882 1967 ’

128 2057 224 2113 slsum
234 2071 242 2124 ;
254 2062 280 2112 in
296 2072 339 2113 rnc
353 2060 503 2115 constentite
520 2059 632 2128 terrum,
647 2070 752 2132 optatas
765 2078 857 2133 peenas
869 2065 924 2136 lam
975 2060 1103 2116 diuiditur
1118 2060 1205 2116 miles.
1222 2061 1288 2116 llam
1304 2071 1384 2130 caput
1399 2059 1507 2116 viennae
1528 2059 1657 2129 defertur,
1672 2075 1772 2130 corpus

130 2147 197 2202 utibi
209 2148 283 2214 dote,
300 2147 432 2219 imperata
446 2151 574 2221 supplicia
588 2152 621 2207 do
635 2167 677 2210 ute
692 2153 808 2209 sumite:
821 2163 923 2212 reatum
975 2166 990 2207 a
1013 2153 1072 2208 loco
1093 2152 1119 2207 iu
1142 2167 1194 2222 quo
1214 2167 1357 2221 perettssns
1371 2160 1413 2207 est
1428 2151 1554 2207 ilrinutim
1578 2151 1695 2207 delatum
1717 2161 1768 2214 cst,

129 2237 274 2307 apostasiae
290 2247 387 2295 nestrae
403 2239 555 2296 nullatenus
572 2242 670 2299 ascribi
692 2244 827 2314 patientie
845 2247 924 2301 luna·
976 2243 1040 2299 ielis
1056 2245 1145 2299 anima
1160 2261 1174 2297 u
1189 2243 1447 2299 Cltristucunditore
1460 2242 1614 2311 suscipitur.

131 2328 219 2384 centis
238 2329 374 2400 sanguinis
396 2330 467 2387 sinat
484 2330 587 2388 ellusio.
602 2335 637 2389 nt
651 2333 689 2390 illi
702 2350 762 2392 cum
775 2337 808 2391 ad
823 2347 923 2396 tantam
1012 2337 1163 2394 Beatissimi
1177 2352 1241 2393 reru
1254 2352 1334 2393 senes
1346 2338 1402 2406 qui,
1414 2340 1538 2394 succensi
1548 2336 1661 2407 spirituli
1672 2336 1768 2405 grstia,

128 2420 308 2492 constantiam
332 2423 404 2479 beati
424 2425 548 2498 llartyris
574 2429 681 2508 12oe
704 2431 924 2501 obstupescentes
974 2442 1176 2489 sacrosanctum
1200 2446 1299 2502 eorpus
1324 2433 1469 2501 sepulture
1490 2430 1718 2500 mancipaverant,
1733 2428 1770 2485 itt

45 2579 52 2585 .
129 2509 282 2579 iussissent,
311 2512 358 2569 ille
380 2516 547 2572 constantior
569 2518 683 2575 subinde
707 2520 806 2591 adjecit
826 2541 834 2579 r
856 2523 924 2580 Nulo
974 2525 1149 2596 redintegrati
1162 2522 1312 2590 su'ut,utin
1325 2538 1428 2578 sautum
1442 2521 1769 2593 senectutepositi,1nte·

128 2603 200 2658 ultra
215 2606 375 2661 commorari
392 2606 419 2662 in
435 2609 485 2663 lter
498 2610 612 2678 saeeulo,
634 2612 695 2682 quie
717 2613 849 2670 Christum
869 2625 924 2671 tota
976 2616 1037 2672 nilis
1049 2616 1135 2672 rotatis
1147 2616 1239 2687 nigore
1251 2615 1359 2683 irritati,
1376 2623 1500 2683 tunqusm
1513 2613 1625 2684 junones
1640 2613 1770 2667 lrsbcron·

129 2693 212 2749 animi
235 2694 366 2752 ariditate
386 2699 462 2756 sitio.
486 2699 556 2757 Erre
577 2716 691 2759 occurro
714 2705 818 2773 obrius,
845 2716 924 2778 capnt
976 2716 1030 2764 tor.
1047 2707 1094 2761 llie
1109 2707 1189 2775 igitur
1201 2704 1302 2762 Christi
1314 2705 1540 2777 rnurtyrottestis
1553 2703 1653 2758 ibidem
1668 2703 1770 2758 studio·

128 2786 215 2844 subdo
229 2787 378 2859 intrepidus
396 2809 403 2847 ι
420 2790 526 2849 lnabetis
539 2795 609 2866 qued
625 2804 678 2851 teta
694 2807 785 2854 mente
800 2790 922 2868 petistis;
975 2813 1006 2856 se
1032 2798 1209 2861 reconditus,
1246 2798 1306 2850 luta
1334 2795 1454 2865 quotidie
1482 2793 1599 2848 bdelium
1626 2793 1769 2848 deuotione
1800 2858 1802 2863 Ι

127 2873 200 2935 tter
210 2887 312 2934 matum
324 2880 439 2948 exerite,
450 2891 601 2940 etreslrann
611 2884 782 2943 devotionem
794 2886 808 2927 b
820 2903 925 2946 meum·
975 2898 1118 2945 resumatur
1135 2886 1200 2943 :ubi
1216 2896 1290 2941 unta
1306 2883 1435 2940 beneficia
1452 2884 1617 2952 virtutesque
1632 2891 1768 2950 quaeruntur

128 2980 182 3039 qne
195 2967 357 3026 desiderium
370 2970 492 3042 implete.
512 2975 546 3031 Et
559 2989 621 3032 eum
641 2977 793 3048 irujnsmodi
817 2980 925 3040 couter-
974 2976 1092 3041 assidue,
1118 2983 1148 3029 ut
1166 2991 1212 3030 css
1233 2975 1348 3029 buntiana
1373 2973 1461 3042 linguar
1488 2971 1593 3042 1269
1616 2972 1768 3026 nullatenus

128 3058 206 3115 sione
229 3060 401 3120 beatissimus
421 3065 464 3121 nir
483 3066 609 3123 atrirnemx
623 3071 744 3126 studeret
763 3086 922 3131 consecrare
974 3068 1090 3126 solurius
1104 3081 1241 3124 enarrare.
1261 3065 1290 3122 ln
1305 3066 1365 3121 loeo
1381 3073 1392 3103 ⁶
1407 3074 1495 3118 autern
1518 3062 1574 3128 illo,
1598 3076 1651 3132 qno
1675 3062 1769 3117 bratus

129 3152 270 3223 oraret-rio,
291 3152 434 3224 subjuncto
451 3155 624 3213 nibilominus
643 3160 768 3232 religiosa
790 3163 920 3236 oratione,
937 3163 1077 3234 Genertyr
1092 3173 1235 3231 percussus
1246 3166 1297 3242 cst,
1315 3155 1374 3212 lons
1384 3155 1497 3211 babetur
1506 3153 1673 3225 splendidus,
1686 3152 1768 3216 leuis,

128 3241 329 3297 commendavit
340 3242 459 3300 Christo.
476 3246 620 3304 barbaram
636 3265 700 3306 nero
713 3251 923 3324 immanitatem,
974 3264 1002 3311 et
1016 3253 1139 3311 dulcibus
1154 3250 1229 3322 equis
1241 3249 1401 3315 uberrimus,
1416 3246 1443 3302 in
1456 3258 1539 3316 queo
1554 3244 1769 3314 persecutoribus

129 3340 308 3403 cruentosque
321 3334 511 3394 insanientium
526 3339 632 3396 animos
648 3359 700 3399 non
716 3348 865 3402 consentia
887 3347 923 3419 pii
975 3355 1058 3419 eaput
1082 3353 1247 3415 amputatum
1274 3342 1394 3397 ablutum
1422 3348 1484 3405 est,
1508 3337 1542 3393 de
1569 3338 1666 3408 quibus
1691 3337 1768 3405 equis

130 3423 272 3491 ΡῐθΡθὸῑῑὶ,
289 3440 343 3481 ttou
363 3435 416 3483 tam
432 3430 501 3485 mira
515 3432 543 3487 in
558 3432 599 3488 sui
611 3433 745 3491 obtusione
761 3436 867 3503 fiducia,
888 3442 923 3495 ab
975 3439 1066 3496 inultae
1076 3437 1204 3493 sanitates
1219 3433 1373 3488 tribuuntur
1386 3428 1500 3485 intruis
1521 3426 1586 3482 Nera
1598 3440 1670 3495 sepe
1678 3439 1767 3481 coeco·

129 3513 261 3575 effusione
287 3523 395 3578 innocui
418 3527 556 3597 sanguinis
581 3530 704 3598 relietit;
728 3531 776 3587 sed
799 3532 922 3590 eductam
975 3546 1034 3586 rum
1049 3528 1118 3585 oculi
1133 3528 1167 3583 ab
1182 3526 1223 3582 bis
1238 3526 1301 3580 tecti
1315 3521 1458 3578 iiluminati
1480 3527 1558 3583 sttnt;
1578 3518 1765 3581 tertianarum,

130 3605 247 3664 uibranti
261 3611 371 3669 dextera
385 3614 513 3673 lranteam
534 3619 561 3674 iu
576 3624 708 3678 ceruicem
730 3624 789 3693 ejus
805 3625 921 3681 vibrant.
973 3630 1198 3692 quartanorumto
1212 3614 1325 3672 febrium
1337 3613 1456 3680 areensi,
1469 3620 1499 3667 ut
1510 3610 1592 3682 potati
1603 3611 1647 3680 qni
1663 3607 1767 3680 patiun-

109 3697 258 3759 *terrerum
272 3719 335 3762 tero
348 3718 438 3780 repul,
458 3710 567 3769 desecto
593 3721 709 3786 gutture,
730 3715 880 3773 abscissum
896 3718 923 3773 in
975 3721 1018 3770 tur
1030 3711 1141 3778 luerint,
1156 3709 1360 3779 conquiescunt.
1376 3705 1442 3760 Nam
1456 3711 1484 3759 et
1498 3703 1522 3758 si
1536 3703 1596 3770 quis
1609 3703 1683 3773 qrani
1694 3700 1768 3758 lebo-

129 3790 243 3861 louteut,
267 3797 313 3867 qui
342 3799 411 3856 lurte
434 3811 543 3872 propter
567 3803 657 3860 locum
683 3806 760 3861 effusi
784 3807 923 3877 sanguinis
973 3818 1038 3858 rarus
1065 3801 1247 3866 incommode,
1275 3801 1421 3868 inspirante
1449 3807 1581 3866 martyre,
1603 3793 1765 3850 desiderium

129 3893 249 3953 emanat,
264 3891 406 3947 earnilices
421 3895 535 3951 abluunt
551 3913 558 3950 :
572 3907 600 3952 et
612 3898 672 3968 qnia
684 3914 734 3954 uec
747 3909 848 3969 patrata
858 3915 924 3959 neco
977 3897 1084 3969 1270
1094 3893 1218 3950 babuerit
1231 3890 1379 3954 inauriendi,
1395 3889 1517 3958 protinus
1532 3897 1559 3941 ut
1570 3885 1689 3954 benserit
1700 3899 1766 3942 cott-

128 3987 333 4048 persecutorum
349 3984 465 4052 antinus,
480 3994 509 4043 ut
522 3996 583 4058 pote
599 3989 785 4048 insatiabiliter
794 4003 922 4061 estuans,
974 3983 1096 4052 vaureu,
1118 3992 1147 4041 0⁸
1169 3985 1205 4039 ita
1228 3983 1357 4038 retertur
1376 3979 1555 4048 essentquitur
1575 3977 1614 4032 vis
1639 3976 1763 4041 tourtam.

128 4083 242 4138 parcere
253 4077 337 4140 notit
350 4092 448 4147 eorpus
461 4083 583 4139 tnubcum
599 4083 792 4155 relinquentes,
808 4087 842 4144 ad
858 4103 924 4143 ssa.
974 4094 1024 4135 eeu
1034 4078 1058 4134 si
1072 4077 1164 4135 rideas
1178 4091 1260 4144 super
1273 4078 1430 4130 immensum
1442 4086 1535 4143 rugum
1551 4071 1675 4140 projectis
1687 4070 1766 4127 undis

128 4171 202 4220 ctum
231 4164 387 4227 ferreolum
415 4173 499 4242 illud,
526 4178 600 4248 quod
626 4178 922 4249 parricidales‘tnonns
974 4168 1096 4227 iflcessdii
1115 4165 1391 4237 ⁰¹¹¹V⁰¹⁸²i0⁵²i¹¹d¹¹b
1413 4163 1528 4232 Semper
1547 4161 1619 4218 <inim
1640 4160 1675 4217 ‘¹⁰
1696 4163 1763 4216 ¹²¹¹st

127 4252 281 4323 abluerent,
304 4271 384 4331 eaput
408 4262 549 4334 deserunt3
577 4278 708 4340 quatenus
722 4286 775 4328 uon
790 4262 924 4338 dubiumr
975 4264 1076 4335 patroni
1089 4262 1184 4335 qratia,
1196 4261 1298 4318 indulto
1306 4257 1510 4329 supplicationis
1533 4251 1632 4310 ellectu
1651 4251 1765 4326 [Nonne

128 4357 241 4414 mum,
257 4364 338 4419 qoem
351 4366 427 4425 ense,
444 4357 556 4413 veritate
576 4366 731 4428 attestante,
747 4361 857 4419 uidebat
874 4363 923 4421 de-
974 4359 1024 4430 ieq.
1036 4355 1179 4429 effectui}‚
1191 4354 1302 4426 potitius
1316 4352 1423 4424 quodue
1437 4357 1466 4407 0²
1478 4347 1627 4419 l¹¹⁰⁸¹⁰⁰i¹⁸
1641 4346 1686 4402 5¹¹⁰
1696 4362 1765 4404 Μ’

128 4443 243 4506 sertum,
264 4450 292 4498 et
310 4455 468 4515 agnosceret
485 4447 536 4505 boc
548 4461 722 4522 excepturum
737 4469 768 4510 se
783 4454 809 4509 in
823 4464 921 4523 monte,
974 4441 1260 4518 renteeeseipit,letos
1267 4444 1386 4508 remittit,
1398 4448 1526 4513 regnatne
1544 4438 1658 4495 nomino
1673 4447 1767 4495 nostro

128 4526 201 4595 quod
217 4532 429 4600 perpessionem
443 4536 639 4609 ejuscornebut
652 4542 814 4613 inctrrpore.
936 4533 1039 4601 Dlesu
1058 4541 1175 4608 tbristo,
1191 4540 1233 4595 eui
1244 4552 1306 4593 eum
1332 4537 1410 4592 Patre
1428 4544 1456 4591 et
1482 4532 1584 4602 Spiritu
1608 4541 1702 4588 sancto
1722 4542 1766 4589 est

164 4617 241 4686 Quod
259 4630 344 4680 toturn
366 4625 441 4696 justa
463 4630 580 4688 ditinum
595 4633 759 4692 uoluntatem
782 4634 922 4696 caruidces
976 4634 1071 4697 boner,
1087 4633 1172 4690 uirtus
1187 4643 1216 4687 et
1227 4629 1309 4699 qltrris
1323 4628 1352 4684 in
1365 4626 1462 4684 secula
1479 4622 1648 4678 soculorum.
1668 4620 1765 4680 tneo.

168 4741 182 4768 ⁸
192 4729 219 4788 ¹⁰
236 4735 369 4817 P¹⁸¹5⁸q¹¹0
382 4742 457 4797 ‘¹⁰⁰⁸‘
470 4746 592 4815 ‘millite
877 4793 879 4797 .
1013 4757 1024 4786 ⁶
1043 4747 1104 4801 lime
1118 4759 1204 4814 usque
1217 4742 1250 4800 od
1264 4756 1366 4810 temper
1380 4740 1449 4795 enirn
1464 4739 1561 4794 derunt
1586 4739 1611 4793 in
1635 4736 1726 4793 Germ.
1750 4737 1767 4791 b

168 4797 243 4875 bMal
259 4823 296 4861 tn.
308 4810 361 4864 dno
371 4820 399 4868 et
409 4812 498 4880 Gom,
510 4816 702 4874 decoctionem.
976 4831 1002 4874 ct
1015 4820 1106 4874 Germ.
1118 4833 1151 4879 u;
1166 4817 1192 4871 iu
1204 4813 1266 4869 alins
1280 4828 1344 4868 nero
1359 4813 1423 4868 llss.
1439 4823 1466 4865 ot
1482 4811 1552 4865 Edit.
1568 4821 1610 4869 est
1633 4818 1722 4878 ceput.
1736 4810 1765 4864 5.

130 4929 1764 4970 w
1811 4967 1814 4971 Δ

181 5017 608 5161 utsnonta
648 4991 1722 5236 anonutuunrum.

131 5258 299 5323 sttstbtt
326 5265 448 5325 SANCTl
477 5249 641 5330 candenti
669 5275 818 5334 sensuum
836 5270 1053 5328 adtonitus
1071 5271 1117 5328 Al)
1137 5273 1279 5331 oestttt
1307 5271 1487 5331 substituet
1518 5268 1767 5331 ultontcthttl

385 5362 683 5426 nuctttettscotutl
702 5368 734 5424 lt
756 5365 860 5424 tttatl
880 5363 1087 5423 strictonius
1106 5365 1240 5422 sertbst
1263 5364 1511 5423 uontttedttlltl.

131 5471 311 5529 deotissime·
331 5478 398 5544 putri
417 5476 548 5549 Sulpicio,
567 5477 614 5533 Dei
632 5482 715 5554 potio
728 5479 881 5535 bituricensi
896 5477 1097 5547 erciiepircopc,
1113 5477 1253 5550 Greqorirrs
1275 5477 1438 5549 Terrenorum
1460 5477 1584 5550 iudiqnnt
1598 5477 1726 5545 tuendos,
1737 5476 1767 5533 t's

659 5549 711 5607 Deo
723 5553 831 5607 ululari
845 5561 931 5604 nostro
944 5547 1053 5603 solerent
1071 5558 1225 5621 perpetuom.

168 5652 244 5723 nutui
260 5664 366 5724 poetam
379 5654 520 5729 subiiqura
536 5674 615 5727 upum
628 5671 782 5718 sanctorum
797 5663 881 5718 uirtus
894 5668 922 5715 et
936 5658 1073 5730 prudentio
1088 5662 1295 5726 teudalensem
1310 5659 1389 5716 dicit:

168 5776 182 5807 ⁸
196 5769 262 5826 lter
274 5769 387 5840 epistula
402 5771 477 5830 obest
493 5773 518 5829 in
534 5773 600 5832 tud.
615 5776 734 5835 tiorum.
748 5776 925 5834 taulauuriu
944 5775 1108 5836 Patriurcbio
1122 5771 1290 5834 titunreust
