3794 6128
142 282 196 347 “3
635 281 665 340 S.
683 280 850 339 Glteutttttt
867 279 1017 338 eruceri
1037 278 1253 338 TURONENSiS
1714 272 1769 332 tlt
1815 344 1825 360 .

143 395 256 454 terltlt:
276 393 334 466 lpse
355 389 431 449 euim
445 387 548 463 iudicet
568 406 680 450 oausam
701 373 881 453 meam'ttnr
898 410 932 451 eo
945 395 974 454 t
984 402 1012 449 ut
1025 393 1113 463 rideo.
1136 394 1237 451 deiide
1253 392 1381 463 promissa
1396 399 1535 460 seruatur,
1548 405 1611 451 num
1624 406 1706 448 ceum
1725 408 1771 451 nne

142 490 263 551 dicente.
279 485 417 553 respondit
439 484 617 541 biumnmlus:
639 484 709 541 liibil
729 486 779 541 tibi
798 484 930 542 lullaoiter
982 480 1008 536 tn
1024 486 1117 545 mortis
1131 485 1217 538 exitio
1232 484 1357 554 posituro.
1374 482 1422 538 Cui
1436 483 1503 539 iile:
1521 482 1578 555 Epo
1592 482 1715 553 rqrnttar
1726 483 1770 540 iu·
1799 517 1807 532 ·

144 576 289 651 lu'quinmr,
305 577 350 632 sed
366 591 429 633 ecce
441 577 516 634 virus
531 577 693 632 fortissimos
708 587 810 632 stantes
823 578 856 633 ad
871 596 932 647 por·
982 591 1037 642 res,
1051 584 1080 632 et
1093 577 1181 632 omnia
1208 577 1344 649 mitigabo.
1360 575 1420 642 Quo
1438 575 1603 650 egrediente,
1627 575 1770 633 conlesrim

146 678 201 729 lato
222 678 295 722 tuum
328 667 480 737 operientes
509 667 663 723 adrentum.
686 668 761 723 lirino
779 679 868 725 autern
886 671 932 727 de·
982 666 1770 738 exjussuejusuallataesldotuuqulbicinlerliceretur.

61 803 69 811 .
147 774 217 828 pone
232 758 369 813 baltheum
382 771 594 814 tueumauroum
610 771 663 827 quo
682 756 812 829 cingeris,
833 773 868 814 ne
885 762 932 815 rt·
982 755 1035 813 Sed
1046 766 1073 813 et
1088 757 1131 815 ille
1140 772 1202 815 cum
1213 757 1362 813 diutissime
1371 765 1462 812 contra
1475 755 1604 813 bellantes
1614 756 1770 827 restitisset,

117 854 120 859 '
146 849 236 905 deeris
251 848 277 902 iu
291 847 420 919 jactantia
435 847 598 918 procedere,
610 855 639 903 et
658 855 730 905 tuum
750 849 859 919 accinge
876 850 933 919 gla-
983 847 1056 905 veuit
1068 848 1101 903 ad
1115 848 1224 904 ostium.
1237 846 1358 920 Cumque
1371 847 1554 918 egrederetur,
1569 846 1623 904 duo
1636 863 1696 904 cum
1711 848 1771 904 lun·

145 941 237 1007 dium,
251 955 394 1011 meumque
407 942 531 997 restitue.
548 941 587 996 Et
607 939 672 996 ille:
693 939 751 995 lion
765 940 932 1011 simpliciter,
983 937 1037 994 ceis
1050 948 1162 1009 utreque
1175 939 1201 994 ei
1215 939 1298 995 latere
1312 938 1420 1004 leniunt,
1440 938 1533 1011 sicque
1546 937 1643 997 cecidit
1656 946 1684 994 et
1697 954 1770 994 utror-

148 1032 253 1100 inquit,
267 1031 325 1086 haee
339 1029 420 1087 rerba
434 1030 561 1101 suscipio.
578 1037 607 1085 ιιι
619 1044 651 1084 ea
664 1046 725 1100 quae
737 1030 771 1088 do
785 1033 837 1087 tuls
850 1046 935 1102 usque
984 1037 1044 1086 tuus
1070 1039 1122 1089 est.
1135 1030 1194 1098 Quo
1207 1030 1265 1086 visu
1277 1030 1425 1102 Episcopus
1439 1029 1636 1104 (sigillarius),
1649 1029 1714 1086 dum
1737 1029 1770 1086 ti·

147 1135 220 1177 uune
245 1122 272 1176 in
296 1120 428 1177 charitate
451 1130 465 1157 ¹
483 1134 546 1174 usne
564 1133 641 1186 suin,
661 1134 677 1176 a
699 1135 742 1180 me
768 1120 931 1178 auferantur.
984 1133 1059 1177 more
1080 1129 1265 1179 consternatus
1288 1129 1409 1193 pareret,
1424 1120 1461 1180 uit
1476 1121 1509 1181 nd
1524 1136 1584 1179 eum
1603 1120 1713 1193 quidanr
1735 1119 1771 1177 de

142 1210 314 1285 ,ttunnotn
326 1225 390 1265 vero
401 1209 539 1266 asserebat
549 1225 610 1266 eum
633 1210 802 1281 juramento,
823 1209 888 1268 nibil
908 1213 933 1267 ei
983 1213 1133 1271 cruoribus
1148 1230 1155 1268 ι
1169 1212 1272 1283 Inspice
1287 1213 1401 1284 propriis
1422 1211 1526 1284 oeulis,
1548 1214 1682 1285 episcope,
1709 1227 1771 1284 qua

147 1300 262 1358 moleste
282 1299 350 1356 beri.
371 1298 477 1370 Egressi
497 1298 577 1370 igitur
592 1306 715 1370 portam,
728 1299 762 1355 ub
776 1297 874 1357 Olloue
888 1299 933 1357 lii·
983 1310 1123 1377 geruntur,
1136 1312 1163 1361 et
1175 1310 1246 1362 teoto
1260 1305 1339 1377 367
1355 1302 1442 1373 capite
1454 1318 1489 1360 ue
1500 1302 1770 1376 agnetrade-silvanr

147 1392 264 1464 turipum
278 1391 377 1450 comite
391 1397 419 1445 el
433 1389 539 1446 Boione
553 1399 693 1459 sumplus
706 1398 757 1452 etl·
772 1388 934 1453 donnolus
984 1405 1061 1466 pete,
1075 1405 1105 1451 ut
1128 1395 1472 1465 abscondarispauiuium,
1494 1404 1574 1465 utque
1600 1394 1639 1453 irt
1663 1393 1771 1451 iubente

149 1495 241 1543 autent
253 1501 314 1541 cum
327 1483 488 1542 satellitibus
503 1483 530 1541 in
545 1484 639 1541 urbem
659 1499 817 1556 regressus,
829 1496 935 1558 portam
985 1487 1072 1555 poesie
1085 1487 1208 1543 eredere.
1224 1489 1259 1543 Δι
1271 1485 1317 1541 ille
1330 1494 1440 1556 accepto
1454 1485 1576 1554 consilio,
1588 1485 1651 1548 durn
1661 1485 1771 1547 obtecto

149 1578 304 1635 ilrrnissinre
316 1575 464 1632 obseravit.
480 1575 528 1631 lile
542 1584 631 1633 numm
656 1589 717 1632 cum
738 1590 768 1633 se
793 1575 821 1633 io
845 1577 935 1651 mnni3
984 1577 1072 1654 eapite
1083 1577 1173 1649 lugere
1185 1577 1327 1649 niteretur.
1340 1585 1459 1641 extructo
1469 1576 1578 1648 quidem
1591 1574 1678 1647 gladio
1689 1585 1772 1646 capnt

62 1680 65 1686 '
130 1668 382 1729 'busbrirnicoruru
395 1667 806 1735 cerneretuaditum,elerclis
825 1668 860 1729 ad
878 1683 933 1727 ωι-
985 1666 1043 1738 ejus
1063 1683 1123 1727 crim
1149 1668 1254 1727 cucullo
1277 1666 1389 1724 decidit.
1406 1666 1508 1723 Deinde
1531 1666 1711 1740 unusquisque
1736 1666 1770 1721 nd

149 1760 204 1823 lem
217 1760 340 1817 manibus
360 1768 388 1816 et
401 1759 501 1824 oculis,
521 1758 579 1812 tit:
592 1756 677 1815 tuder
691 1768 806 1827 etune,
821 1767 849 1814 et
868 1758 936 1814 ultio
950 1761 974 1822 B
987 1757 1092 1839 proprie
1106 1757 1223 1824 rediens,
1239 1771 1348 1830 maguus
1362 1773 1410 1827 per
1435 1755 1506 1812 uiam
1520 1756 1624 1826 predas
1637 1767 1665 1813 ct
1684 1755 1772 1811 bumi-

51 1889 56 1902 .
149 1868 211 1907 vers
232 1851 427 1918 innocentium,
451 1850 564 1915 beus‚n
581 1865 634 1920 quo
654 1848 742 1907 omnis
753 1849 856 1920 iustitia
872 1865 936 1924 pro-
980 1848 1054 1913 'oidit
1068 1847 1139 1911 iecit.
1154 1846 1336 1918 Fredegundis
1350 1857 1439 1904 tutem
1454 1846 1496 1909 bis
1510 1846 1602 1905 diebus
1616 1845 1771 1923 cuppanem

149 1942 237 2006 cedit,
261 1943 305 1996 cui
328 1940 500 1996 mendacium
521 1954 575 1996 nou
598 1940 704 2010 placet,
727 1941 754 1994 in
776 1955 829 2012 quo
848 1943 937 1999 nullus
986 1938 1015 2005 in
1025 1940 1187 2003 Tolosanum
1202 1939 1313 2004 direxit,
1330 1947 1359 2001 ut
1372 1937 1474 1995 scilicet
1486 1938 1567 1993 liliam
1577 1951 1652 1993 snam
1673 1936 1773 1994 exinde

149 2035 228 2090 dulus
250 2047 337 2102 nequo
356 2032 474 2090 uersutia
493 2031 603 2091 natiue
618 2033 785 2101 continetur,
801 2034 847 2089 tibi
862 2049 937 2090 eoru-
986 2047 1145 2104 quocunque
1159 2032 1238 2097 prodo
1253 2039 1352 2101 posset,
1363 2038 1481 2087 erueret.
1492 2028 1703 2093 Ferebantenim
1716 2031 1773 2099 plo·
1807 2105 1810 2111 Ι

111 2132 119 2149 ·
152 2123 371 2181 meudomusatn
385 2137 487 2189 mecm,
503 2121 652 2192 deprecans
664 2131 694 2177 ut
705 2124 743 2181 eis
755 2125 882 2183 uelociter
894 2125 934 2182 ul·
985 2125 1061 2198 rique
1072 2124 1108 2183 ob
1122 2124 1172 2191 boo
1193 2137 1254 2181 euru
1269 2122 1474 2189 transmissum,
1489 2128 1518 2177 ut
1531 2121 1555 2177 si
1569 2119 1772 2176 Gnrrdoralduur

154 2223 197 2269 tor
209 2229 291 2283 super
301 2227 359 2275 eos.
368 2212 413 2282 qui
423 2226 467 2266 me
480 2211 616 2267 ineuntem
631 2212 755 2275 manilius
769 2213 937 2275 tradiderunt
986 2215 1130 2287 reperisset
1144 2214 1249 2281 rivum,
1262 2212 1351 2275 multis
1364 2212 1487 2269 illectum
1503 2211 1724 2282 promissionibus
1737 2211 1772 2268 ad

149 2305 331 2365 inimieorum.
349 2304 412 2361 iiaec
424 2318 485 2361 cum
500 2303 628 2374 dixisset,
640 2304 800 2375 coruiguuus
813 2320 842 2361 sc
856 2321 936 2363 cruce
986 2322 1044 2364 enm
1060 2306 1253 2363 transduceret.
1268 2305 1397 2367 Sericum
1416 2304 1467 2365 nuc
1486 2302 1576 2360 lacere
1598 2303 1775 2376 nequivisset,

149 2394 398 2462 borninica,tbire
410 2395 492 2465 erepit
504 2388 567 2449 cum
589 2393 744 2454 tonitribus
763 2396 941 2463 supradictis.
986 2408 1121 2468 acceptam
1136 2397 1298 2468 lliquntbem
1312 2412 1328 2453 n
1342 2396 1403 2455 loco
1425 2396 1471 2458 illu
1494 2395 1606 2464 reduxit,
1634 2411 1687 2451 nou
1714 2398 1776 2454 sine

150 2485 271 2556 Cumque
285 2500 300 2540 n
314 2495 391 2556 porta
405 2503 434 2545 se
445 2488 526 2562 m
536 2489 717 2561 urinarum,
729 2494 801 2549 siout
810 2500 851 2549 est
863 2493 936 2551 eirca
985 2487 1078 2560 grandi
1094 2487 1241 2543 bumilitate
1254 2496 1333 2556 atque
1345 2487 1507 2543 contumelia
1523 2495 1547 2538 ι.

151 2577 245 2633 urbem
266 2578 343 2634 valiis
362 2588 416 2635 tota
436 2581 462 2636 in
479 2583 673 2654 precipitium,
695 2580 825 2654 impulsus
840 2584 877 2642 ab
890 2585 935 2642 01·
1021 2579 1078 2644 iil·
1094 2578 1174 2649 igilur
1187 2576 1369 2646 Leudeqisilus
1383 2575 1434 2631 4¹¹¹
1453 2588 1513 2629 ⁰⁰⁰¹
1527 2572 1660 2630 ¹¹¹0⁸²¹¹li⁸
1684 2572 1777 2628 milli·

154 2669 216 2726 luno
231 2670 346 2737 cecidit,
361 2672 406 2729 illo
419 2688 526 2744 quoque
540 2674 693 2735 clemente:
708 2679 746 2733 En
759 2677 836 2734 nobie
851 2678 938 2735 [tatio-
985 2669 1046 2739 bus,
1061 2684 1128 2739 quos
1142 2668 1265 2738 superius
1279 2667 1485 2732 nominavimus,
1510 2665 1543 2720 ad
1570 2680 1659 2739 regem
1685 2667 1775 2734 uentu

152 2775 253 2817 merem
269 2771 388 2818 nostrum
399 2802 408 2831 ,
421 2766 467 2834 qni
489 2781 520 2823 sq
539 2774 610 2835 repre
625 2776 652 2823 et
667 2768 775 2825 [nepem
788 2768 853 2825 (qen
865 2778 894 2827 οι
907 2769 937 2825 q.
987 2773 1055 2833 quoe
1068 2767 1158 2830 postea
1169 2774 1217 2817 rex
1228 2759 1389 2832 pauperibus
1403 2766 1431 2814 et
1444 2757 1568 2814 ecclesiis
1579 2757 1710 2829 eruperit.
1721 2756 1777 2831 dp-

154 2844 235 2907 liunr.
244 2853 278 2906 tt
290 2853 408 2911 immissa
419 2856 521 2922 ieiunet,
531 2859 614 2914 soluit
626 2873 687 2915 oum
703 2862 874 2930 transigere,
889 2861 938 2917 seq
987 2851 1118 2922 prehensa
1132 2865 1194 2906 vero
1209 2864 1293 2906 tutore
1307 2849 1442 2905 iiummoli
1455 2891 1463 2919 ,
1478 2846 1611 2919 inquirere
1623 2863 1669 2905 ret
1684 2850 1778 2920 coepit,

150 2940 256 3007 repulsu
272 2955 290 2995 a
310 2941 419 3001 circulis
434 2943 525 3001 lorieae
536 2936 603 3001 nibil
617 2947 718 3007 nocuit.
738 2947 858 3020 benique
876 2963 938 3010 curn
986 2943 1050 3016 quid
1065 2943 1182 3000 tbssauri
1197 2957 1264 3014 quos
1287 2942 1305 2997 ii
1328 2947 1564 3015 congregaverant,
1589 2939 1777 2999 devenissent.

154 3030 272 3088 duratur
286 3031 320 3087 ad
339 3040 456 3090 montem
477 3036 581 3106 regredi
595 3037 737 3105 niteretur,
754 3038 823 3096 ano
838 3042 938 3101 enrisso
988 3032 1041 3091 sed
1057 3033 1101 3090 ilia
1114 3047 1279 3104 cognoscens
1293 3032 1378 3088 uirum
1393 3049 1470 3089 suum
1491 3029 1660 3088 interiectum
1675 3031 1779 3103 luisse,

153 3120 241 3191 lupide
253 3131 334 3192 caput
356 3122 415 3192 eius
434 3124 556 3193 libravit,
578 3128 623 3198 qui
638 3129 751 3193 cecidit,
768 3137 795 3184 et
815 3139 936 3186 mutuus
951 3118 975 3183 C
990 3134 1018 3182 et
1030 3139 1138 3181 omnem
1148 3123 1304 3195 jactantiam
1320 3138 1411 3180 eorum
1427 3137 1538 3193 prorsus
1551 3122 1578 3178 iu
1593 3132 1691 3178 terrum
1715 3137 1780 3178 cor·

149 3219 201 3269 cut.
222 3210 354 3284 Venitque
375 3228 456 3272 omne
476 3218 585 3290 uulgus,
605 3227 632 3275 et
650 3218 745 3277 deluis
766 3221 792 3275 in
807 3237 867 3276 eum
882 3220 940 3276 len·
991 3217 1086 3284 ruisse‚
1100 3217 1188 3272 omitia
1205 3215 1313 3287 pendit,
1328 3215 1448 3287 dixitque
1462 3215 1575 3270 multum
1599 3213 1687 3270 adbuc
1706 3214 1781 3286 apud

150 3305 216 3372 reis,
230 3306 312 3375 pedes
326 3307 384 3377 eius
396 3308 458 3367 lune
469 3308 597 3382 liparim
611 3325 658 3381 per
671 3313 759 3367 omnia
773 3314 941 3368 exercituum
992 3310 1085 3369 urbern
1100 3310 1264 3369 brenuieum
1289 3308 1345 3365 nuri
1360 3317 1440 3377 atque
1453 3306 1556 3377 argenti
1570 3321 1641 3378 esse,
1665 3319 1727 3376 quae
1746 3305 1781 3363 ad

150 3403 239 3451 casus
254 3407 411 3465 traxeruut;
424 3398 624 3470 credentesque
637 3401 774 3457 cesariem
787 3416 818 3456 nc
832 3401 941 3459 barbani
992 3403 1063 3472 repis
1084 3403 1204 3458 notitiam
1220 3415 1274 3457 uon
1298 3401 1444 3465 venissent.
1468 3398 1616 3472 Statimque
1637 3396 1709 3457 minit
1732 3412 1782 3455 rex

156 3486 233 3558 quta,
248 3488 407 3557 insepultum
421 3490 479 3559 ipso
493 3491 518 3547 in
534 3491 592 3547 liroo
603 3506 656 3562 qno
671 3491 826 3548 interlectos
841 3493 942 3562 luerat,
992 3494 1067 3554 viros
1076 3493 1121 3566 qui
1136 3495 1193 3555 buc
1206 3491 1312 3553 delerre
1320 3491 1449 3549 deberent
1456 3507 1516 3548 cum
1529 3505 1581 3557 unu
1595 3504 1689 3560 puero,
1698 3504 1784 3563 quem

152 3577 328 3646 reliquerunt.
340 3578 424 3636 Nocte
433 3596 500 3637 tero
511 3583 643 3652 sequenti,
655 3583 673 3639 ii
684 3585 729 3651 qui
742 3585 819 3656 primi
830 3599 906 3645 eram
916 3584 942 3664 b,
992 3581 1070 3639 ualde
1082 3580 1214 3639 creditum
1228 3580 1387 3637 liumnrolus
1403 3580 1519 3644 babens,
1535 3578 1592 3636 brec
1605 3577 1632 3634 ei
1643 3592 1785 3638 commen·

152 3676 247 3721 omnes
267 3668 407 3724 rbesanros
426 3685 492 3741 quoe
513 3672 540 3726 in
562 3674 628 3729 urbe
648 3676 768 3744 reperire
780 3685 941 3759 potuerunt,
993 3675 1115 3733 darertt.
1131 3674 1267 3733 Abeuntes
1281 3681 1370 3731 uuum
1385 3680 1548 3743 aeceperunt
1560 3670 1660 3739 omnis,
1679 3685 1744 3741 qua
1757 3671 1785 3728 in

67 3840 71 3847 ι
154 3770 215 3813 cunr
229 3756 386 3817 ministeriis
397 3760 944 3832 ecciesireelamabstulerunt.lianerero
993 3769 1061 3829 urbe
1074 3768 1167 3826 relicta
1180 3766 1298 3827 luerunt.
1313 3767 1415 3829 Ferunt
1429 3775 1517 3829 auum
1532 3765 1785 3837 ducentnetquiu·⁴

154 3850 433 3920 reserarisporurunr
448 3854 550 3923 valiis,
572 3857 693 3913 immisso
711 3860 846 3928 exercitu,
865 3875 945 3923 omre
993 3863 1120 3934 quaginta
1134 3863 1233 3919 talenta
1254 3858 1357 3931 urgenti
1381 3857 1475 3927 inisse,
1501 3859 1559 3915 euri
1585 3873 1647 3916 rero
1667 3856 1787 3930 amplius
1827 3852 1832 3860 '

153 3937 249 4009 tulgus
262 3939 393 3998 inclusum
408 3945 435 3999 in
450 3960 497 4000 ore
508 3945 588 4017 gladii
602 3947 779 4015 nanterum.
793 3952 945 4020 sacerdotes
994 3965 1074 4022 quam
1089 3951 1207 4023 triginta.
1221 3948 1276 4009 Sed
1290 3949 1358 4016 bec,
1373 3959 1403 4007 ut
1413 3948 1512 4012 ierunt,
1526 3947 1560 4005 de
1580 3955 1687 4020 reperto
1712 3947 1785 4003 anti·

154 4044 259 4100 qnoque
280 4031 384 4089 Domini
405 4051 466 4092 cunr
489 4039 620 4096 ruinistris
637 4042 670 4097 ad
691 4041 749 4112 ipsa
766 4045 945 4107 ecclesiarum
993 4028 1051 4116 quo'
1071 4043 1196 4101 tiresnuro
1209 4041 1329 4100 abstulit.
1352 4040 1428 4110 Quod
1443 4056 1490 4101 ret
1504 4039 1618 4100 diuisum
1632 4053 1692 4095 cum
1707 4036 1788 4094 ciril-

154 4121 248 4179 tltnrla
269 4124 442 4187 trucidantes.
465 4129 608 4202 Postquam
634 4143 723 4191 autem
737 4145 848 4194 cunctos
862 4137 946 4199 inter·
994 4137 1106 4194 doberto
1118 4150 1183 4207 reqe
1195 4142 1292 4203 nepote
1304 4148 1364 4208 suo,
1382 4143 1484 4205 partem
1496 4147 1570 4194 suam
1586 4131 1703 4187 maxime
1717 4144 1788 4203 pau·

156 4213 332 4284 tenerorum
351 4232 404 4298 non
424 4233 577 4280 remaneret
595 4224 718 4297 mingens
735 4226 769 4285 nd
792 4231 943 4302 parietem,
996 4227 1105 4298 peribus
1118 4234 1160 4283 est
1181 4223 1310 4295 largitum
1325 4224 1431 4288 reuberi
1455 4231 1545 4288 numm
1567 4221 1633 4277 nibli
1658 4218 1788 4292 amplius,

156 4319 265 4363 omnem
291 4309 385 4367 urbem
407 4326 467 4366 omn
491 4314 613 4371 ecclesiis
636 4314 802 4389 reliquisque
826 4320 945 4378 ndillciis
994 4333 1074 4390 quam
1087 4333 1118 4374 en
1131 4331 1190 4389 que
1202 4315 1235 4373 de
1250 4313 1401 4385 perentibus
1414 4315 1552 4378 nabunar.
1564 4312 1734 4384 relinquens.

159 4398 369 4469 succenderunt,
381 4402 448 4457 nibil
460 4403 496 4459 ibi
506 4416 603 4474 praeter
616 4403 726 4461 humum
740 4421 850 4465 uacuam
864 4410 946 4468 relin·
1031 4407 1100 4466 xtt.
1113 4407 1190 4464 Tune
1201 4415 1229 4462 et
1239 4404 1319 4463 bomo
1329 4404 1375 4463 ille
1387 4405 1509 4463 immensi
1517 4403 1636 4475 corporis
1648 4401 1682 4458 ad
1692 4416 1785 4475 equo

155 4496 277 4558 lilim·
959 4480 1180 4557 Ddetlnnnoti
1204 4495 1379 4555 familiaribus
1403 4495 1533 4561 adductus
1553 4502 1605 4560 est,
1628 4493 1665 4549 ita
1689 4508 1790 4564 magno

193 4576 313 4635 xxxiii.
326 4580 408 4651 igitur
421 4582 605 4656 leudegisilus
618 4589 725 4647 rediens
737 4590 770 4647 nd
784 4601 870 4649 eastra
884 4606 944 4650 cum
998 4603 1110 4659 corpore
1125 4589 1221 4655 elatus,
1237 4594 1265 4641 ut
1278 4584 1345 4641 dirus
1360 4594 1407 4642 aut
1421 4594 1475 4640 tres
1491 4584 1571 4654 pedes
1584 4598 1666 4652 super
1685 4582 1784 4656 longis

156 4665 301 4726 ilurumulu
323 4685 347 4728 et
364 4672 519 4745 Sagittario,
532 4677 946 4751 Chariulloetii’arldune,irun—
997 4686 1080 4740 simos
1100 4682 1225 4738 homines
1250 4689 1389 4751 putaretur
1407 4693 1526 4752 mugnus,
1550 4675 1677 4751 liquerint
1698 4672 1788 4748 inber,

156 4757 210 4815 tios
222 4760 372 4820 nocultead
388 4767 593 4840 regendiriqit,
609 4772 719 4843 quidde
739 4773 942 4833 bisilerirelit.
998 4771 1365 4846 quinonmuitupostobiit.
1412 4806 1417 4815 -

157 4851 192 4907 rit
213 4850 259 4907 tlte
272 4855 381 4923 onpitnli
395 4871 443 4914 eos
462 4860 542 4929 lussit
568 4863 647 4921 iiuire
671 4868 816 4927 sententia.
840 4869 944 4927 Waddn
1032 4866 1114 4937 368
1126 4863 1205 4919 xutt.
1216 4861 1339 4919 Postbaec
1348 4859 1487 4917 edictumt
1493 4857 1628 4934 judicibus
1637 4856 1728 4915 datum
1736 4866 1789 4926 est,

156 4949 220 4998 tune
233 4958 293 4998 cum
307 4945 454 5019 Cburiulln,
467 4952 567 5010 relictis
578 4955 639 5016 liliis
651 4958 799 5026 obsidibus,
814 4959 947 5019 discesse-
997 4955 1086 5026 utqui
1101 4957 1127 5010 in
1142 4954 1192 5011 bae
1205 4951 1374 5023 expeditione
1381 4950 1448 5007 tardi
1460 4948 1575 5019 luerunt,
1584 4949 1787 5006 damnarentur.

155 5044 220 5090 runt
233 5037 267 5093 cb
280 5037 330 5094 eis.
347 5038 441 5097 beloto
451 5058 556 5115 quoque
569 5049 660 5104 nrrrrtin
672 5048 705 5105 de
719 5049 815 5109 horum
826 5051 946 5123 interitu,
998 5044 1145 5117 Biturigum
1161 5057 1268 5115 quoque
1289 5057 1381 5100 nonies
1394 5042 1469 5099 misit
1493 5054 1590 5112 pueros
1610 5053 1685 5109 suos,
1710 5050 1739 5095 ¹¹²
1764 5040 1789 5094 in

155 5141 217 5181 nuru
233 5128 284 5184 bue
298 5130 460 5189 ilummoius
473 5137 642 5207 advertisset,
659 5142 797 5198 accinctus
811 5144 893 5199 arinis
908 5153 949 5199 tu·
998 5135 1079 5193 dumo
1093 5134 1163 5191 boati
1182 5133 1300 5201 Martini,
1314 5147 1374 5202 quoe
1398 5133 1425 5187 in
1441 5133 1500 5186 >boc
1524 5128 1638 5186 termino
1657 5127 1710 5185 tiit
1736 5141 1789 5192 0⁵¹.

156 5216 260 5280 surium
276 5218 436 5293 leudegisili
452 5226 526 5296 petit.
553 5226 587 5282 Αι
603 5229 648 5289 ille
671 5231 764 5287 ridens
790 5247 861 5301 euru,
888 5235 946 5289 ait:
1000 5223 1150 5294 hujusmodi
1164 5222 1286 5279 nominet
1298 5221 1414 5292 spoliare
1426 5219 1565 5282 deberent.
1579 5218 1634 5276 Sed
1646 5231 1730 5290 tqcns
1743 5218 1791 5273 do·

158 5303 228 5372 Quid
243 5310 293 5378 sic,
308 5314 403 5386 inquit,
419 5320 494 5386 qnasi
508 5318 611 5390 lugiens
621 5323 714 5380 tonis?
728 5323 776 5381 Cui
788 5324 832 5381 illc
845 5343 853 5382 r
867 5325 948 5396 Nibil,
1000 5330 1062 5372 tout
1082 5315 1154 5370 illius
1175 5313 1300 5371 resistere
1319 5309 1427 5370 fortiter
1447 5311 1546 5383 coepit,
1565 5310 1681 5368 dicente
1697 5308 1792 5368 &uoti

196 5489 211 5520 ⁸
227 5481 294 5568 Μ·
308 5489 410 5559 Casia„
427 5497 578 5557 incivitate.
1000 5496 1033 5554 ad
1054 5471 1114 5567 cap.
1127 5493 1164 5555 25
1180 5493 1228 5550 lib.
1245 5508 1282 5550 tt.
1298 5490 1375 5548 Unde
1389 5497 1430 5545 tut
1442 5504 1575 5548 mortuum
1590 5485 1683 5558 procul
1703 5483 1794 5568 *dnbio

196 5548 324 5622 '’⁰²⁸⁰‘’
338 5562 357 5614 ’ἶ
368 5566 412 5635 ‘ili
425 5568 495 5622 'lim'
508 5579 590 5624 ersnt.
1000 5579 1128 5638 pertusus
1151 5563 1327 5627 ilecoaredus,
1352 5560 1506 5617 Baddorrom
1534 5558 1690 5633 popularem
1712 5570 1795 5615 mot

195 5631 210 5660 ⁸
223 5624 282 5680 Νιιιι
304 5644 362 5684 narn
374 5633 444 5714 ursino
459 5637 612 5696 bcoearebo
622 5641 721 5709 erupuit,
731 5638 823 5705 sicuti,
838 5650 867 5695 ut
878 5640 951 5697 riee-
999 5639 1050 5695 sibi
1065 5637 1171 5695 tandem
1186 5633 1308 5705 currjngio
1320 5631 1462 5705 copularit.

159 5698 214 5763 itit,
228 5712 277 5754 trec
284 5642 484 5761 iiltlodosvurdu
498 5709 622 5780 sigiberti
634 5711 698 5768 srlin.
713 5710 781 5770 vioe
793 5711 861 5768 iulrn
872 5721 949 5768 nutus
