3794 6128
360 285 371 300 .
418 200 695 300 siluncuuouttri
715 203 787 266 LIB.
806 202 829 263 l.
850 198 898 261 ult
920 196 1062 260 eluunt
1079 195 1304 260 ulnutuuu.
1685 200 1739 261 7³8

98 327 237 403 ,sudario
249 331 346 403 guttas
361 341 429 404 quae
446 326 479 386 in
498 327 697 402 pavimentum
722 328 871 403 dilapsas
881 340 947 383 cuin
966 338 1036 383 enm
1051 320 1177 382 dormire
1192 319 1385 397 cognovisset,
1411 321 1571 382 excitatum
1585 320 1735 397 velociter,

98 415 279 488 ’,diligenter
306 413 432 488 collegit,
457 420 486 473 et
510 415 717 476 Bertchramno
742 429 764 487 e,
790 417 842 490 qui
883 413 1117 487 exspectantibus
1131 412 1255 488 populis,
1273 411 1450 470 incolumem
1463 410 1572 470 levarit
1585 412 1617 470 in
1632 413 1735 487 ulnis;

98 503 223 579 emporis
249 503 281 562 in
308 503 473 577 episcopatu
499 504 603 563 urbem
631 506 755 579 regeint,
778 521 839 562 ma·
883 506 1123 575 interrogansque
1143 502 1221 561 inter
1245 499 1354 571 oscula,
1382 499 1433 558 ubi
1460 514 1511 573 per
1535 501 1606 559 anni
1634 501 1734 561 luisset

98 594 147 657 tlt
179 594 262 665 Quod
294 594 344 653 ille
369 609 436 653 cum
461 595 569 668 gaudio
595 602 624 654 et
650 595 841 655 admiratione
881 599 1016 665 spatium.
1033 590 1149 649 Nescire
1171 606 1202 649 se
1220 590 1270 660 ait,
1297 589 1321 648 si
1341 604 1438 648 annus
1450 588 1562 663 integer
1576 591 1735 663 praeteriis-

112 687 287 761 meeipiens,
321 702 421 746 seeum
440 674 582 746 ‘retinuit
612 687 654 746 De
680 687 735 746 hoe
760 686 840 745 emm
881 686 931 746 set,
962 685 1076 738 tantum
1102 679 1255 738 dormiisse
1278 694 1310 737 se
1340 677 1424 739 suavi
1452 693 1554 753 sopore
1578 678 1611 737 in
1645 681 1735 741 unius

98 775 202 838 »multi
215 773 327 839 infirmi
342 778 493 832 sanitatem
506 774 617 848 experti
637 783 716 848 sunt,
729 791 764 835 ac
779 775 839 847 ple·
880 770 971 826 noctis
984 769 1076 843 spatio
1094 768 1266 828 estimabat.

98 884 112 931 e
134 869 247 942 etipse
270 867 403 941 pontifex
412 866 454 925 tle
473 882 507 925 eo
530 867 686 941 decerpens
705 867 836 941 pignora,

98 958 195 1036 etesias
220 959 414 1029 consecrabat,
438 957 562 1017 tideliter
582 959 742 1018 collocarit.
767 958 839 1016 Haec
1088 1017 1090 1020 ,
1164 962 1286 1022 CAPUT
1300 963 1444 1023 xxxvn,

98 1046 234 1124 abipsius
249 1046 374 1121 episcopi
390 1045 482 1105 relatu
496 1046 694 1119 eognovimus.

284 1164 407 1230 carui
421 1168 538 1228 XXXV.

146 1266 198 1333 ¹lie
212 1264 344 1322 Clemente
357 1266 481 1335 episcopo
495 1266 520 1317 ct
532 1263 661 1330 moriere.

98 1359 179 1425 tus*
196 1367 316 1436 martyr,
332 1366 364 1421 ut
379 1360 409 1419 in
425 1359 558 1435 passione
569 1361 632 1434 ejus
651 1360 767 1434 legitur,
783 1376 837 1419 an-

98 1448 171 1515 mllo
188 1450 251 1524 ejus
266 1464 406 1523 suspensa
431 1448 462 1506 in
487 1463 566 1506 mare
584 1448 780 1523 precipitatus
794 1455 837 1509 est

98 1532 181 1617 Md
195 1542 286 1612 lion).
302 1537 388 1598 Nunc
401 1543 499 1597 autem
523 1540 553 1596 iu
579 1538 625 1597 die
645 1539 835 1598 solemnitatis

98 1626 181 1691 tondit
196 1643 275 1687 mare
290 1643 341 1701 per
364 1627 418 1685 tria
434 1621 536 1697 millia,
554 1627 723 1703 siccumque
737 1627 834 1701 ingre-

98 1734 134 1783 ω
161 1720 217 1778 iter
240 1716 384 1793 praebens,
409 1732 502 1791 usque
526 1715 598 1775 dum
612 1716 649 1775 ad
668 1699 865 1792 sepulcrumB

98 1817 309 1889 'menam’
325 1809 425 1882 mque
435 1812 501 1867 mm
513 1807 664 1867 reddentes
676 1814 704 1868 et
720 1814 835 1868 mantes
876 1865 960 1909 neres
973 1848 1038 1909 olus
1062 1849 1124 1908 sive
1146 1849 1318 1923 virgultum,
1334 1848 1358 1906 si
1378 1848 1481 1907 inisset
1494 1847 1531 1906 ab
1545 1846 1646 1906 eodem
1661 1846 1730 1906 irri-

105 1900 310 1977 Wediumffl
321 1898 358 1957 ad
375 1898 454 1957 lmus
469 1908 489 1957 ο·
875 1944 986 2011 gaium.
1001 1936 1202 2011 opitulabatur
1214 1937 1302 1995 etiam
1314 1935 1345 1993 iu
1363 1935 1498 2020 engi-otia
1516 1934 1670 2008 Maiestatis
1684 1933 1730 1993 di·

273 2025 399 2086 CAPUT
413 2025 543 2086 XXXVI.
800 2057 811 2101 g
877 2028 966 2098 rinae,
981 2028 1058 2088 utin
1074 2043 1133 2101 quo
1147 2027 1250 2087 inisset
1263 2026 1408 2085 fluentum
1428 2026 1579 2096 emissum,
1594 2025 1730 2086 velociter

98 2136 134 2179 ro.
153 2121 193 2177 ed
222 2122 365 2178 clementis
395 2122 549 2192 sepulcrum
573 2136 624 2192 per
649 2123 717 2177 onai
745 2123 835 2177 curri-
875 2117 1007 2189 germina
1022 2116 1186 2190 acciperent
1203 2116 1427 2174 incrementum.
1452 2115 1583 2192 Cumque
1597 2131 1666 2174 eum
1681 2115 1729 2173 iu·

98 2228 128 2283 t,
155 2213 272 2285 perinde
299 2215 382 2282 atque
409 2214 492 2266 unius
520 2196 642 2266 tantum'
656 2215 743 2267 noetis
768 2226 836 2283 spe·
876 2206 948 2267 colae
964 2206 1029 2278 loci,
1045 2206 1128 2280 quasi
1143 2205 1246 2264 ludum
1260 2210 1386 2279 agentes,
1399 2221 1451 2279 per
1473 2205 1590 2280 singula
1603 2220 1729 2281 quaeque

119 2299 278 2357 dormiente.
877 2299 939 2356 loca
976 2295 1160 2360 deducerent,
1202 2294 1391 2364 insidiatoris,
1425 2300 1457 2352 ut
1483 2295 1578 2365 credo,
1605 2294 1729 2367 invidia,

98 2410 138 2457 rm
150 2403 195 2456 est
210 2403 308 2455 autem
325 2401 357 2455 ut
379 2396 408 2453 in
423 2410 483 2454 una
498 2396 713 2456 solemnitatum
731 2397 836 2455 mulier
877 2388 934 2448 sub
948 2393 1024 2445 terra
1037 2386 1200 2455 dehiscens,
1223 2400 1257 2443 ac
1273 2384 1355 2444 reiut
1368 2386 1398 2442 iu
1412 2385 1512 2446 stadiis
1527 2386 1680 2446 duodecim
1694 2387 1728 2445 in

98 2486 125 2545 io
141 2488 266 2561 parvulo
287 2484 317 2542 in
339 2483 436 2543 locum
449 2482 604 2542 accederet.
621 2484 762 2558 Epulante
780 2501 835 2543 au·
876 2477 1006 2536 medium
1031 2476 1154 2550 paludis,
1182 2474 1233 2534 ubi
1261 2474 1377 2533 nullum
1400 2490 1517 2547 prorsus
1544 2481 1638 2548 posset
1654 2490 1728 2548 opus
1812 2550 1815 2556 .

101 2580 166 2651 poet
192 2580 254 2632 acta
279 2572 429 2640 solemnia,
446 2570 621 2629 obdormivit
635 2572 742 2630 inians.
757 2572 833 2631 Dum
875 2566 998 2641 efficere,
1008 2565 1145 2625 lluctibus
1155 2560 1262 2639 sparsis
1271 2566 1413 2623 exoritur.
1429 2564 1582 2639 Extemplo
1595 2567 1729 2626 omnium

98 2662 164 2724 ltoec
178 2668 333 2739 agerentur
347 2667 430 2733 762,
448 2676 513 2719 ecce
529 2656 618 2719 sonus
632 2662 728 2721 subito
740 2664 834 2721 factm
874 2663 986 2715 mentes
1011 2654 1099 2713 timor
1111 2653 1236 2723 obsedit,
1251 2658 1279 2712 et
1293 2668 1404 2711 uotum
1418 2653 1574 2728 quemdam
1589 2654 1728 2715 advenire

98 2750 200 2813 denus
223 2750 327 2824 pelagi.
353 2749 465 2808 Dehinc
484 2748 573 2808 oblita
595 2750 701 2810 mulier
727 2752 834 2811 sobolis
873 2746 984 2818 regioni
998 2745 1054 2802 loci
1065 2743 1170 2803 incolae
1182 2741 1387 2818 praestolantur
1401 2738 1562 2808 interitum,
1578 2742 1727 2819 simulque

98 2841 166 2917 mpit
187 2838 324 2898 velociter
339 2852 406 2898 cum
422 2838 535 2914 reliquo
555 2839 662 2913 populo
679 2846 776 2914 petere
794 2841 833 2898 ri·
873 2841 902 2893 et
914 2832 1091 2891 beneficium
1106 2832 1183 2906 quod
1199 2831 1305 2890 habere
1327 2838 1547 2902 consueverant,
1567 2832 1637 2906 iugi
1658 2833 1729 2894 fletu

98 2926 169 3003 titur
190 2926 357 3000 insequenti
383 2926 472 2985 maris
493 2940 608 2985 accessu
633 2934 784 3002 postquam
797 2928 833 2987 ad
874 2924 1034 2998 deplorant.
1051 2921 1238 2981 curriculum
1265 2921 1356 2994 igitur
1382 2921 1475 2980 unius
1498 2927 1585 2996 atque
1607 2923 1728 2984 alterius

98 3020 216 3084 teneret,
245 3014 380 3072 meminit
402 3031 433 3072 se
453 3014 549 3073 tilium
573 3014 734 3088 reliquisse.
752 3016 835 3074 Tunc
874 3016 945 3076 anni
972 3015 1003 3074 iu
1029 3015 1084 3072 bac
1112 3012 1243 3071 ariditate
1261 3011 1437 3086 pertransiit.
1452 3001 1595 3071 Arescunt
1610 3013 1658 3071 siti
1672 3012 1728 3073 loci

98 3110 143 3167 stu
166 3120 272 3179 magno
290 3103 398 3178 dejecta
415 3105 507 3174 terris,
530 3105 664 3164 miseram
683 3070 863 3165 se‘ctaminc
875 3106 1075 3175 illiusomniu,
1092 3119 1159 3178 quae
1181 3102 1301 3176 irrigare
1325 3107 1522 3163 consueverat.
1543 3099 1639 3161 Tertio
1652 3118 1726 3177 quo·

98 3198 172 3253 ttoru
185 3192 306 3253 vocibus
320 3192 458 3266 replebat,
485 3197 572 3265 atque
590 3193 771 3253 discurrebat
783 3184 848 3268 per¹
874 3215 932 3274 que
945 3212 1022 3256 auno
1036 3193 1140 3254 accidit
1155 3199 1188 3253 ut
1199 3191 1320 3267 quidam
1333 3191 1388 3250 iter
1400 3207 1489 3265 agens
1501 3182 1577 3250 beati
1592 3192 1725 3253 Clemen-

1034 1103 1073 1156 lle
1086 1115 1160 1169 eque
1170 1101 1256 1167 sontis
1269 1099 1328 1168 ejus
1341 1099 1443 1153 uirtute
1453 1097 1579 1154 reducto.

914 1225 991 1284 Fons
1015 1233 1026 1261 ⁰
1051 1229 1112 1282 erat
1137 1221 1266 1295 irriguus
1290 1221 1352 1280 ruri
1376 1219 1501 1291 cuidam,
1517 1222 1593 1281 inira
1617 1223 1731 1282 territo-

880 1316 958 1377 rium
981 1314 1063 1376 urbis
1087 1312 1295 1386 Lemovicinae,
1311 1313 1396 1385 cujus
1410 1312 1487 1372 uuda
1506 1319 1562 1370 tam
1579 1313 1731 1374 hortorum

877 1412 937 1464 sata
952 1421 1041 1481 quam
1065 1419 1202 1476 agrorum
1231 1402 1310 1483 culta
1333 1401 1379 1461 rel
1402 1402 1518 1463 fovebat
1540 1417 1668 1477 accessu,
1683 1403 1731 1463 rel

876 1494 986 1568 impetu
1010 1492 1195 1552 secundabat.
1218 1491 1421 1550 Deducebatur
1449 1491 1537 1549 etiam
1567 1491 1650 1551 iactis
1680 1491 1731 1551 de·

876 1582 1010 1642 cursibus
1038 1596 1090 1656 per
1117 1580 1180 1641 loca
1209 1579 1383 1650 necessaria,
1411 1584 1443 1637 ut
1470 1579 1521 1638 ubi
1540 1595 1608 1638 eum
1625 1583 1731 1638 natura

876 1687 934 1730 non
962 1677 1034 1736 763
1057 1669 1155 1741 dabat,
1182 1668 1314 1730 studium
1338 1673 1515 1743 provocaret.
1536 1668 1573 1726 Et
1591 1672 1653 1727 erat
1671 1674 1731 1726 tam

98 3298 138 3345 uu
160 3283 301 3357 riparum,
330 3282 355 3340 si
381 3284 453 3340 iorte
476 3288 624 3341 enecatam
640 3283 750 3358 prolem
775 3283 834 3357 eje·
875 3289 912 3347 tis
927 3285 1071 3362 martyris,
1087 3284 1172 3358 cuius
1182 3285 1244 3358 jam
1263 3297 1350 3356 supra
1369 3282 1569 3354 meminimus,
1585 3283 1727 3359 reliquias

98 3372 224 3433 elittori
247 3372 356 3447 aliquis
370 3371 573 3446 conspicasset.
595 3372 651 3432 Sed
671 3387 738 3432 cum
758 3373 834 3431 nibil
873 3380 1035 3451 exhiheret,
1060 3392 1132 3453 quas
1160 3374 1261 3433 Atidio
1287 3373 1298 3412 s
1323 3373 1417 3447 ipsius
1444 3373 1525 3433 urbis
1547 3373 1726 3447 presbytero,

98 3466 130 3523 et
158 3461 273 3533 iudicii,
301 3463 418 3522 taudem
445 3464 592 3522 consolata
612 3478 636 3521 a·
649 3464 831 3540 propinquis,
873 3469 983 3528 viroin
1003 3467 1084 3527 omni
1110 3465 1260 3526 sanctitate
1284 3463 1429 3537 religioso,
1446 3462 1559 3522 detulit.
1578 3463 1726 3537 Adquem

98 3547 160 3628 prin
185 3552 348 3622 reducitur,
374 3559 467 3610 totum
492 3568 603 3611 aunum
631 3553 664 3610 in
692 3555 773 3612 luctu
800 3568 834 3611 ae
874 3574 941 3618 cum
979 3557 1027 3616 die
1066 3562 1213 3631 noctuque
1253 3553 1344 3612 ricini
1381 3553 1477 3612 moesti
1514 3553 1664 3613 tenderent
1702 3564 1727 3624 ε,

98 3640 186 3701 idone
201 3640 357 3700 deducens.
378 3638 558 3698 Recurrente
573 3640 757 3699 autemauni
777 3640 834 3698 cir·
875 3644 976 3705 contisi
1016 3644 1052 3703 de
1073 3642 1138 3717 eJ'us
1163 3641 1302 3710 oratione,
1336 3638 1414 3714 quod
1442 3639 1464 3697 si
1494 3645 1603 3714 peteret
1627 3640 1727 3700 llomi·

98 3724 156 3787 Ιὶῑ
181 3725 289 3786 iterum
317 3725 353 3784 ad
375 3726 557 3799 spectandam
583 3728 597 3764 ‘¹
624 3728 759 3802 martyris
787 3743 833 3786 50·
875 3750 958 3805 uum,
976 3733 1084 3792 iontem
1099 3737 1194 3804 posset
1213 3745 1266 3789 suo
1281 3729 1431 3789 restituere
1444 3728 1514 3801 loco,
1529 3730 1591 3788 ait:
1608 3729 1726 3801 Eamus,

98 3818 171 3885 dem,
186 3814 315 3873 fortassis
331 3814 367 3872 de
380 3814 524 3873 infantulo
548 3815 573 3873 si
589 3814 687 3892 aliqua
700 3817 833 3875 iuvenire
875 3821 973 3898 inquit
999 3818 1190 3890 dilectissimi,
1218 3825 1248 3877 et
1274 3819 1299 3877 si
1332 3833 1397 3875 vera
1426 3824 1495 3876 sunt
1519 3833 1587 3891 quae
1610 3819 1729 3891 portitor

98 3900 294 3973 udiuamm
310 3900 419 3977 plura?
445 3903 607 3963 Recedente
629 3906 713 3976 mari,
728 3906 832 3964 antici·
876 3915 973 3968 noster
997 3906 1122 3986 asseruit
1156 3906 1219 3964 haec
1244 3921 1307 3965 esse
1335 3904 1491 3963 Clementis
1519 3904 1656 3979 martyris
1682 3905 1728 3978 pi·

98 4008 146 4053 uos
168 3993 204 4052 atl
228 3992 461 4067 ingrediendum,
487 4001 515 4052 et
540 3994 602 4068 ipsa
619 3996 832 4069 primapnece·
876 4016 976 4074 gnora,
1011 4013 1091 4058 nunc
1121 3997 1269 4071 apparebit
1304 4012 1371 4055 cum
1413 3996 1475 4068 ejus
1514 3994 1602 4054 luerit
1636 3995 1729 4055 virtus

108 4081 269 4143 tumulum.
290 4083 422 4159 Cumque
446 4085 833 4158 prostratasoloorationem
877 4088 1069 4148 manifestata.
1095 4083 1179 4142 Tunc
1207 4098 1274 4142 cum
1299 4082 1452 4156 psallentio
1465 4082 1501 4162 ad
1516 4083 1613 4140 locum
1639 4082 1729 4142 tontis

98 4173 135 4242 tt,
163 4177 256 4229 erecta
284 4187 410 4241 sursum,
440 4173 523 4245 genis
555 4173 683 4231 ubertim
713 4174 833 4234 iletuum
874 4177 992 4237 accedit.
1019 4173 1164 4239 Et,dictis
1177 4171 1307 4246 psalmis,
1323 4172 1355 4228 iu
1370 4171 1498 4230 oratione
1513 4171 1728 4244 prosternitur;

98 4274 126 4321 ιι
143 4259 324 4333 madefactis,
349 4247 424 4320 ilum
447 4260 566 4320 divertit
589 4262 621 4321 in
647 4270 726 4337 parte
744 4264 834 4323 altera
875 4267 1032 4342 positisque
1057 4262 1163 4321 sanctis
1178 4260 1310 4336 reliquiis
1336 4259 1368 4317 in
1392 4258 1556 4334 ipsoiontis
1570 4258 1661 4331 aditu,
1676 4274 1727 4334 pe·

98 4351 241 4425 ,aspicit
271 4350 365 4408 tilium
401 4350 431 4407 iu
459 4351 560 4409 eodem
588 4349 661 4422 loco,
688 4350 740 4411 ubi
766 4367 833 4411 eum
876 4353 1025 4430 tiitutqui
1043 4350 1237 4427 quondamin
1258 4349 1371 4408 deserto
1390 4348 1586 4407 damuatisad
1605 4348 1729 4406 secanda
1778 4412 1782 4427 ¹

98 4443 174 4499 ntem
190 4440 357 4514 reliquerat,
374 4439 405 4496 iu
422 4439 483 4513 ipso
504 4441 602 4499 adliuc
616 4456 717 4515 sopore
731 4427 864 4501 teucri.D
879 4460 1021 4504 marmora
1033 4442 1142 4501 ilumcn
1158 4440 1304 4513 irriguum
1323 4438 1466 4513 patefecit,
1482 4437 1511 4495 in
1538 4436 1617 4495 lrunc
1630 4435 1728 4495 locum

98 4542 139 4587 tus
173 4536 271 4589 autem
308 4544 376 4586 eum
415 4544 476 4587 esse
513 4530 693 4601 defunctum,
726 4531 835 4590 accedit
874 4551 974 4612 aquas,
999 4548 1072 4609 quas
1099 4531 1181 4606 prius
1207 4531 1256 4605 pia
1278 4528 1439 4587 indulserat
1469 4526 1633 4599 clementia,
1661 4525 1726 4585 ute-

98 4618 226 4694 s,quasi
254 4616 409 4677 collectura
435 4618 558 4678 cadaver
586 4620 723 4679 exanime
750 4639 757 4679 :
784 4620 834 4680 sed
875 4621 982 4681 mentis
997 4621 1102 4679 iterum
1126 4615 1293 4676 intercessio
1319 4619 1474 4673 revocaret.
1498 4611 1580 4672 lliico
1594 4627 1727 4673 venare·

98 4781 147 4849 boe
160 4785 241 4849 ptura
256 4784 283 4835 ln
299 4784 425 4837 Historia
437 4784 516 4837 libris
532 4784 643 4852 passim.
875 4790 997 4854 ignotum
1018 4787 1103 4840 luisse
1130 4789 1223 4838 parnt
1248 4784 1344 4837 auctm
1368 4781 1432 4835 tite
1451 4781 1537 4835 sancti
1563 4781 1730 4836 constantini

130 4863 211 4921 eaput
238 4859 265 4908 et
299 4857 351 4909 duo
392 4870 476 4923 seqq.
498 4860 597 4910 desunt
626 4858 654 4908 iu
683 4857 758 4910 Golb.
784 4861 833 4911 tut.
874 4873 923 4914 seu
951 4861 1051 4924 cyrilti,
1083 4860 1127 4909 die
1153 4869 1182 4909 tx
1218 4854 1302 4906 liartti
1330 4852 1507 4906 bollandiani.
1539 4852 1603 4918 Ejus
1635 4857 1728 4906 tamen

98 4936 164 4981 tere
201 4940 263 4979 cnm
290 4929 410 4992 quinque
431 4939 508 4993 seqq.
540 4929 565 4980 ia
594 4928 662 4979 ctar.
695 4928 723 4980 b.
755 4928 833 4981 torro
874 4933 962 4983 sartori
984 4929 1117 4981 l'ontitlcis
1144 4938 1254 4979 sacrum
1289 4936 1389 4989 corpus
1423 4930 1487 4976 tunc
1517 4923 1554 4975 ibi
1589 4929 1727 4987 repertum

98 4996 237 5049 stttulum
264 4997 373 5048 liodrros
396 5007 491 5049 sancto
520 4999 651 5050 clementi
677 4999 777 5058 tribuit,
802 5011 835 5050 ac
874 5012 925 5064 est,
958 5006 1039 5066 atquo
1078 5000 1186 5053 llotnmu
1218 4998 1353 5053 allatum·
1379 4999 1408 5046 ut
1434 4996 1494 5050 tuse
1531 4995 1604 5048 idem
1630 5003 1725 5046 auctor

98 5078 117 5119 e
144 5079 241 5120 omues
280 5073 364 5132 vulgo
395 5075 534 5121 auctores.
568 5071 630 5132 llus
666 5082 732 5121 vero
761 5072 832 5132 leta,
874 5073 1011 5133 describit,
1030 5069 1246 5135 quemcouauie.

98 5148 121 5190 te
142 5137 289 5203 Gregorius
327 5139 426 5197 iaudat,
462 5144 525 5192 ante
559 5139 688 5193 seculum
717 5153 746 5193 vi
771 5146 834 5193 nota
906 5145 997 5195 tiles.
1022 5142 1154 5207 plerique,
1181 5139 1219 5190 ott
1246 5138 1465 5205 suspectandam,
1494 5147 1529 5190 ex
1559 5135 1640 5187 mod'o
1659 5146 1725 5201 pro·

98 5204 173 5262 utillo
212 5210 379 5273 antiquitatis
410 5221 584 5262 monumento
620 5212 709 5264 erincl
738 5214 832 5275 potest
875 5215 1060 5279 nuntiationis,
1097 5217 1126 5263 ut
1152 5210 1267 5265 interius
1289 5212 1400 5276 tegitur,
1424 5204 1647 5271 respectantibus,
1674 5218 1724 5270 pre

98 5284 219 5333 ttamen
244 5283 417 5345 postmodum
443 5283 471 5332 iu
495 5281 585 5332 tlatlits
608 5280 694 5334 tuisse
719 5293 774 5334 uon
798 5293 834 5334 cr
874 5281 1063 5348 spectantibus.
1082 5286 1110 5334 et
1124 5281 1287 5346 stepassiru.

98 5358 115 5403 ο
138 5360 236 5410 soum,
264 5353 313 5404 sed
340 5355 420 5404 etiam
447 5365 480 5403 cx
504 5351 602 5404 llissalt
624 5351 733 5406 tlotltico
751 5357 833 5416 patet,
905 5356 993 5407 elisa
1011 5357 1082 5407 duo:
1100 5355 1259 5408 torruerat.

98 5430 151 5475 tun
182 5423 301 5487 epitome
335 5423 462 5476 retertur.
502 5422 565 5476 litte
596 5421 757 5477 tillemontii
781 5435 832 5475 no·
907 5426 957 5478 tls
981 5427 1023 5480 eat
1058 5433 1169 5477 sanctus
1201 5423 1308 5476 aridius
1343 5420 1378 5473 do
1407 5431 1462 5486 quo
1491 5416 1548 5484 agit
1576 5416 1722 5482 Gregorius

98 5529 100 5538 .
132 5490 161 5545 lu
191 5492 274 5545 litam
303 5494 393 5547 sancti
423 5495 577 5554 clementis,
612 5498 685 5549 tomo
716 5495 737 5548 ll
764 5493 832 5547 litat.
874 5509 986 5563 passim,
999 5498 1078 5564 culus
1095 5497 1178 5549 litam
1193 5492 1410 5546 tnlradsbimus.

302 5620 307 5629 ,
905 5566 1004 5632 alas..
1020 5571 1051 5621 ut
1065 5562 1322 5632 plurimumoicinc
1339 5563 1433 5615 merto
1445 5559 1604 5625 penderent.

127 5633 289 5688 uinculum
326 5637 428 5690 secuto
457 5648 500 5701 tx,
532 5640 603 5704 aput
630 5639 830 5695 Οιιοιιοιιειιιιιι

876 1760 1009 1820 dulcibus
1028 1775 1101 1820 vena
1120 1760 1305 1819 exuberante
1331 1758 1460 1829 fluentis,
1475 1765 1508 1817 ut
1522 1757 1650 1833 gaudere
1668 1773 1730 1817 cer·
1832 1750 1841 1760 ’
