<?xml version="1.0" encoding="UTF-8"?>
<!DOCTYPE html PUBLIC "-//W3C//DTD XHTML 1.0 Transitional//EN"
    "http://www.w3.org/TR/xhtml1/DTD/xhtml1-transitional.dtd">
<html xmlns="http://www.w3.org/1999/xhtml" xml:lang="en" lang="en">
 <head>
  <title>
</title>
<meta http-equiv="Content-Type" content="text/html;charset=utf-8" />
  <meta name='ocr-system' content='tesseract 3.04.00' />
  <meta name='ocr-capabilities' content='ocr_page ocr_carea ocr_par ocr_line ocrx_word'/>
</head>
<body>
  <div class='ocr_page' id='page_1' title='image "./patrologiaecurs21unkngoog_0144.png"; bbox 0 0 3794 6128; ppageno 0'>
   <div class='ocr_carea' id='block_1_1' title="bbox 138 321 1769 402">
    <p class='ocr_par' dir='ltr' id='par_1_1' title="bbox 138 321 1769 402">
     <span class='ocr_line' id='line_1_1' title="bbox 138 321 1769 402; baseline 0.002 -20"><span class='ocrx_word' id='word_1_1' title='bbox 138 321 195 382; x_wconf 62' lang='grc'>85</span> <span class='ocrx_word' id='word_1_2' title='bbox 603 327 762 387; x_wconf 80' lang='lat' dir='ltr'>illstottlh</span> <span class='ocrx_word' id='word_1_3' title='bbox 781 326 1007 388; x_wconf 78' lang='lat' dir='ltr'>rotricortlltt.</span> <span class='ocrx_word' id='word_1_4' title='bbox 1027 328 1130 390; x_wconf 73' lang='lat' dir='ltr'>iinon</span> <span class='ocrx_word' id='word_1_5' title='bbox 1147 328 1321 402; x_wconf 73' lang='lat' dir='ltr'>QUARTUS.</span> <span class='ocrx_word' id='word_1_6' title='bbox 1711 338 1769 398; x_wconf 69' lang='lat' dir='ltr'>m</span> 
     </span>
    </p>
   </div>
   <div class='ocr_carea' id='block_1_2' title="bbox 120 437 1767 2599">
    <p class='ocr_par' dir='ltr' id='par_1_2' title="bbox 120 437 1767 2599">
     <span class='ocr_line' id='line_1_2' title="bbox 138 437 1766 521; baseline 0.01 -27"><span class='ocrx_word' id='word_1_7' title='bbox 138 437 188 495; x_wconf 79' lang='lat' dir='ltr'>des</span> <span class='ocrx_word' id='word_1_8' title='bbox 209 449 291 508; x_wconf 74' lang='lat' dir='ltr'>aupoe</span> <span class='ocrx_word' id='word_1_9' title='bbox 313 449 424 497; x_wconf 79' lang='lat' dir='ltr'>missas</span> <span class='ocrx_word' id='word_1_10' title='bbox 447 440 585 512; x_wconf 89' lang='lat' dir='ltr'>disruptas</span> <span class='ocrx_word' id='word_1_11' title='bbox 605 444 809 514; x_wconf 73' lang='lat' dir='ltr'>noniraatanpne</span> <span class='ocrx_word' id='word_1_12' title='bbox 819 442 926 514; x_wconf 72' lang='lat' dir='ltr'>lanera,</span> <span class='ocrx_word' id='word_1_13' title='bbox 940 443 967 507; x_wconf 72' lang='grc' dir='ltr'><strong>Α</strong></span> <span class='ocrx_word' id='word_1_14' title='bbox 979 457 1032 500; x_wconf 87' lang='grc' dir='ltr'>ιιι</span> <span class='ocrx_word' id='word_1_15' title='bbox 1047 444 1178 514; x_wconf 85' lang='lat' dir='ltr'>permisit.</span> <span class='ocrx_word' id='word_1_16' title='bbox 1194 443 1270 501; x_wconf 68' lang='lat' dir='ltr'>dane</span> <span class='ocrx_word' id='word_1_17' title='bbox 1289 455 1378 502; x_wconf 88' lang='lat' dir='ltr'>autem</span> <span class='ocrx_word' id='word_1_18' title='bbox 1393 445 1480 514; x_wconf 77' lang='lat' dir='ltr'>lamo,</span> <span class='ocrx_word' id='word_1_19' title='bbox 1497 455 1610 521; x_wconf 77' lang='lat' dir='ltr'>olerone</span> <span class='ocrx_word' id='word_1_20' title='bbox 1628 462 1766 511; x_wconf 83' lang='lat' dir='ltr'>oommsto</span> 
     </span>
     <span class='ocr_line' id='line_1_3' title="bbox 138 519 1766 616; baseline 0.009 -30"><span class='ocrx_word' id='word_1_21' title='bbox 138 546 200 600; x_wconf 74' lang='lat' dir='ltr'>aas</span> <span class='ocrx_word' id='word_1_22' title='bbox 213 547 301 602; x_wconf 74' lang='lat' dir='ltr'>usqae</span> <span class='ocrx_word' id='word_1_23' title='bbox 314 531 394 588; x_wconf 86' lang='lat' dir='ltr'>hodia</span> <span class='ocrx_word' id='word_1_24' title='bbox 422 531 450 588; x_wconf 93' lang='lat' dir='ltr'>in</span> <span class='ocrx_word' id='word_1_25' title='bbox 472 532 653 589; x_wconf 87' lang='lat' dir='ltr'>testimoninm</span> <span class='ocrx_word' id='word_1_26' title='bbox 680 534 873 605; x_wconf 70' lang='lat' dir='ltr'>orientales,</span> <span class='ocrx_word' id='word_1_27' title='bbox 893 532 927 590; x_wconf 90' lang='lat' dir='ltr'>ad</span> <span class='ocrx_word' id='word_1_28' title='bbox 978 519 1097 590; x_wconf 79' lang='lat' dir='ltr'>eremita</span> <span class='ocrx_word' id='word_1_29' title='bbox 1118 534 1152 591; x_wconf 90' lang='lat' dir='ltr'>ad</span> <span class='ocrx_word' id='word_1_30' title='bbox 1179 535 1280 592; x_wconf 82' lang='lat' dir='ltr'>bellom</span> <span class='ocrx_word' id='word_1_31' title='bbox 1307 545 1399 591; x_wconf 82' lang='lat' dir='ltr'>eontra</span> <span class='ocrx_word' id='word_1_32' title='bbox 1422 551 1453 594; x_wconf 86' lang='lat' dir='ltr'>se</span> <span class='ocrx_word' id='word_1_33' title='bbox 1475 549 1628 609; x_wconf 85' lang='lat' dir='ltr'>properant.</span> <span class='ocrx_word' id='word_1_34' title='bbox 1657 542 1766 616; x_wconf 77' lang='lat' dir='ltr'>lhatqas</span> 
     </span>
     <span class='ocr_line' id='line_1_4' title="bbox 141 621 1765 697; baseline 0.01 -20"><span class='ocrx_word' id='word_1_35' title='bbox 141 621 228 690; x_wconf 69' lang='grc' dir='ltr'><strong>ἰμιι</strong></span> <span class='ocrx_word' id='word_1_36' title='bbox 246 622 318 678; x_wconf 80' lang='lat' dir='ltr'>nean</span> <span class='ocrx_word' id='word_1_37' title='bbox 341 622 493 694; x_wconf 74' lang='lat' dir='ltr'>sepulcro·</span> <span class='ocrx_word' id='word_1_38' title='bbox 515 633 696 681; x_wconf 84' lang='lat' dir='ltr'>reserrtntur.</span> <span class='ocrx_word' id='word_1_39' title='bbox 717 623 772 684; x_wconf 84' lang='lat' dir='ltr'>Sed</span> <span class='ocrx_word' id='word_1_40' title='bbox 790 624 825 682; x_wconf 86' lang='lat' dir='ltr'>ad</span> <span class='ocrx_word' id='word_1_41' title='bbox 847 639 927 696; x_wconf 86' lang='lat' dir='ltr'>supe·</span> <span class='ocrx_word' id='word_1_42' title='bbox 977 622 1201 684; x_wconf 85' lang='lat' dir='ltr'>citiothaeharins</span> <span class='ocrx_word' id='word_1_43' title='bbox 1211 641 1259 683; x_wconf 87' lang='lat' dir='ltr'>ret</span> <span class='ocrx_word' id='word_1_44' title='bbox 1271 638 1396 697; x_wconf 75' lang='lat' dir='ltr'>tanquam</span> <span class='ocrx_word' id='word_1_45' title='bbox 1410 644 1496 686; x_wconf 88' lang='lat' dir='ltr'>noros</span> <span class='ocrx_word' id='word_1_46' title='bbox 1509 631 1590 689; x_wconf 84' lang='lat' dir='ltr'>llario</span> <span class='ocrx_word' id='word_1_47' title='bbox 1604 643 1696 691; x_wconf 88' lang='lat' dir='ltr'>nontra</span> <span class='ocrx_word' id='word_1_48' title='bbox 1707 637 1765 692; x_wconf 85' lang='lat' dir='ltr'>th·</span> 
     </span>
     <span class='ocr_line' id='line_1_5' title="bbox 140 712 1764 795; baseline 0.009 -26"><span class='ocrx_word' id='word_1_49' title='bbox 140 712 211 769; x_wconf 77' lang='lat' dir='ltr'>littra</span> <span class='ocrx_word' id='word_1_50' title='bbox 225 713 378 771; x_wconf 65' lang='lat' dir='ltr'>mutnus.</span> <span class='ocrx_word' id='word_1_51' title='bbox 976 713 1096 772; x_wconf 87' lang='lat' dir='ltr'>saionem</span> <span class='ocrx_word' id='word_1_52' title='bbox 1112 715 1194 772; x_wconf 88' lang='lat' dir='ltr'>illium</span> <span class='ocrx_word' id='word_1_53' title='bbox 1207 727 1389 789; x_wconf 72' lang='lat' dir='ltr'>pugnaturos,</span> <span class='ocrx_word' id='word_1_54' title='bbox 1405 718 1536 792; x_wconf 72' lang='lat' dir='ltr'>plangens</span> <span class='ocrx_word' id='word_1_55' title='bbox 1554 725 1764 795; x_wconf 80' lang='lat' dir='ltr'>atquedieensa</span> 
     </span>
     <span class='ocr_line' id='line_1_6' title="bbox 174 801 1766 892; baseline 0.009 -32"><span class='ocrx_word' id='word_1_56' title='bbox 174 803 237 861; x_wconf 76' lang='lat'>1¹.</span> <span class='ocrx_word' id='word_1_57' title='bbox 256 805 443 863; x_wconf 72' lang='lat' dir='ltr'>childebertus</span> <span class='ocrx_word' id='word_1_58' title='bbox 462 807 543 878; x_wconf 69' lang='lat' dir='ltr'>lpitnr</span> <span class='ocrx_word' id='word_1_59' title='bbox 560 822 609 865; x_wconf 85' lang='lat' dir='ltr'>rex</span> <span class='ocrx_word' id='word_1_60' title='bbox 627 817 759 878; x_wconf 71' lang='lat' dir='ltr'>narotsrs</span> <span class='ocrx_word' id='word_1_61' title='bbox 772 808 871 879; x_wconf 70' lang='lat' dir='ltr'>erepit,</span> <span class='ocrx_word' id='word_1_62' title='bbox 898 814 928 864; x_wconf 87' lang='lat' dir='ltr'>et</span> <span class='ocrx_word' id='word_1_63' title='bbox 978 801 1102 877; x_wconf 74' lang='lat' dir='ltr'>iimpioe,</span> <span class='ocrx_word' id='word_1_64' title='bbox 1118 807 1240 878; x_wconf 81' lang='lat' dir='ltr'>nomine,</span> <span class='ocrx_word' id='word_1_65' title='bbox 1253 809 1287 865; x_wconf 91' lang='lat' dir='ltr'>de</span> <span class='ocrx_word' id='word_1_66' title='bbox 1299 810 1386 882; x_wconf 76' lang='lat' dir='ltr'>molo,</span> <span class='ocrx_word' id='word_1_67' title='bbox 1399 811 1525 882; x_wconf 77' lang='lat' dir='ltr'>etiuoiea</span> <span class='ocrx_word' id='word_1_68' title='bbox 1545 829 1766 892; x_wconf 80' lang='lat' dir='ltr'>cansamnaeam,</span> 
     </span>
     <span class='ocr_line' id='line_1_7' title="bbox 139 894 1764 978; baseline 0.009 -27"><span class='ocrx_word' id='word_1_69' title='bbox 139 907 201 951; x_wconf 79' lang='grc' dir='ltr'><strong>ιιι</strong></span> <span class='ocrx_word' id='word_1_70' title='bbox 218 894 371 952; x_wconf 68' lang='lat' dir='ltr'>diutissime</span> <span class='ocrx_word' id='word_1_71' title='bbox 392 896 463 966; x_wconf 88' lang='lat' dir='ltr'>apud</span> <span class='ocrx_word' id='word_1_72' title='bbox 487 896 604 955; x_wconf 81' lang='lat' dir='ltr'>Parisios</span> <span class='ocrx_word' id='word_1_73' title='bbox 627 897 727 954; x_wconf 83' lang='lat' dir='ltr'>lectulo</span> <span class='ocrx_word' id='word_1_74' title='bbox 749 898 924 969; x_wconf 75' lang='lat' dir='ltr'>decubasset,</span> <span class='ocrx_word' id='word_1_75' title='bbox 977 895 1040 966; x_wconf 81' lang='lat' dir='ltr'>mnia</span> <span class='ocrx_word' id='word_1_76' title='bbox 1053 895 1180 969; x_wconf 77' lang='lat' dir='ltr'>inlustea</span> <span class='ocrx_word' id='word_1_77' title='bbox 1196 900 1251 955; x_wconf 89' lang='lat' dir='ltr'>iiiio</span> <span class='ocrx_word' id='word_1_78' title='bbox 1261 899 1372 972; x_wconf 76' lang='lat' dir='ltr'>iniurias</span> <span class='ocrx_word' id='word_1_79' title='bbox 1382 904 1477 972; x_wconf 89' lang='lat' dir='ltr'>patior.</span> <span class='ocrx_word' id='word_1_80' title='bbox 1493 905 1619 976; x_wconf 79' lang='lat' dir='ltr'>Respice,</span> <span class='ocrx_word' id='word_1_81' title='bbox 1634 918 1662 964; x_wconf 88' lang='lat' dir='ltr'>et</span> <span class='ocrx_word' id='word_1_82' title='bbox 1673 910 1764 978; x_wconf 81' lang='lat' dir='ltr'>iudica</span> 
     </span>
     <span class='ocr_line' id='line_1_8' title="bbox 141 983 1764 1068; baseline 0.011 -29"><span class='ocrx_word' id='word_1_83' title='bbox 141 983 223 1052; x_wconf 75' lang='lat' dir='ltr'>ohiit3</span> <span class='ocrx_word' id='word_1_84' title='bbox 242 995 273 1042; x_wconf 90' lang='lat' dir='ltr'>et</span> <span class='ocrx_word' id='word_1_85' title='bbox 290 985 325 1041; x_wconf 89' lang='lat' dir='ltr'>sd</span> <span class='ocrx_word' id='word_1_86' title='bbox 340 985 479 1042; x_wconf 75' lang='lat' dir='ltr'>basilicam</span> <span class='ocrx_word' id='word_1_87' title='bbox 503 985 574 1042; x_wconf 85' lang='lat' dir='ltr'>beati</span> <span class='ocrx_word' id='word_1_88' title='bbox 589 986 720 1042; x_wconf 80' lang='lat' dir='ltr'>iinreatii</span> <span class='ocrx_word' id='word_1_89' title='bbox 735 995 760 1053; x_wconf 86' lang='grc'>·,</span> <span class='ocrx_word' id='word_1_90' title='bbox 774 1001 853 1055; x_wconf 81' lang='lat' dir='ltr'>onam</span> <span class='ocrx_word' id='word_1_91' title='bbox 871 985 929 1055; x_wconf 83' lang='lat' dir='ltr'>ipso</span> <span class='ocrx_word' id='word_1_92' title='bbox 977 983 1062 1055; x_wconf 75' lang='lat' dir='ltr'>inste3</span> <span class='ocrx_word' id='word_1_93' title='bbox 1083 987 1203 1060; x_wconf 74' lang='lat' dir='ltr'>illudque</span> <span class='ocrx_word' id='word_1_94' title='bbox 1216 990 1322 1061; x_wconf 87' lang='lat' dir='ltr'>impono</span> <span class='ocrx_word' id='word_1_95' title='bbox 1333 991 1478 1063; x_wconf 75' lang='lat' dir='ltr'>iudicium,</span> <span class='ocrx_word' id='word_1_96' title='bbox 1491 997 1562 1067; x_wconf 77' lang='lat' dir='ltr'>quod</span> <span class='ocrx_word' id='word_1_97' title='bbox 1575 999 1706 1068; x_wconf 82' lang='lat' dir='ltr'>qnondam</span> <span class='ocrx_word' id='word_1_98' title='bbox 1724 1002 1764 1057; x_wconf 91' lang='lat' dir='ltr'>io·</span> 
     </span>
     <span class='ocr_line' id='line_1_9' title="bbox 143 1072 1761 1161; baseline 0.011 -29"><span class='ocrx_word' id='word_1_99' title='bbox 143 1084 401 1143; x_wconf 64' lang='lat' dir='ltr'>murmuramus</span> <span class='ocrx_word' id='word_1_100' title='bbox 414 1076 549 1146; x_wconf 86' lang='lat' dir='ltr'>sepultus.</span> <span class='ocrx_word' id='word_1_101' title='bbox 563 1072 647 1148; x_wconf 80' lang='lat' dir='ltr'>cnjus</span> <span class='ocrx_word' id='word_1_102' title='bbox 659 1091 769 1146; x_wconf 69' lang='lat' dir='ltr'>regnum</span> <span class='ocrx_word' id='word_1_103' title='bbox 779 1085 807 1132; x_wconf 89' lang='lat' dir='ltr'>et</span> <span class='ocrx_word' id='word_1_104' title='bbox 819 1074 929 1130; x_wconf 70' lang='lat' dir='ltr'>cesso·</span> <span class='ocrx_word' id='word_1_105' title='bbox 979 1084 1021 1132; x_wconf 90' lang='lat' dir='ltr'>ter</span> <span class='ocrx_word' id='word_1_106' title='bbox 1031 1078 1190 1136; x_wconf 70' lang='lat' dir='ltr'>dossinus-</span> <span class='ocrx_word' id='word_1_107' title='bbox 1210 1089 1239 1136; x_wconf 91' lang='lat' dir='ltr'>et</span> <span class='ocrx_word' id='word_1_108' title='bbox 1257 1091 1360 1153; x_wconf 85' lang='lat' dir='ltr'>patrem</span> <span class='ocrx_word' id='word_1_109' title='bbox 1374 1083 1434 1155; x_wconf 78' lang='lat' dir='ltr'>eins</span> <span class='ocrx_word' id='word_1_110' title='bbox 1453 1085 1536 1143; x_wconf 85' lang='lat' dir='ltr'>ilarid</span> <span class='ocrx_word' id='word_1_111' title='bbox 1554 1092 1675 1161; x_wconf 87' lang='lat' dir='ltr'>posuisti.</span> <span class='ocrx_word' id='word_1_112' title='bbox 1691 1094 1761 1150; x_wconf 89' lang='lat' dir='ltr'>cott-</span> 
     </span>
     <span class='ocr_line' id='line_1_10' title="bbox 142 1159 1764 1256; baseline 0.012 -34"><span class='ocrx_word' id='word_1_113' title='bbox 142 1178 183 1222; x_wconf 86' lang='lat' dir='ltr'>tns</span> <span class='ocrx_word' id='word_1_114' title='bbox 206 1165 434 1221; x_wconf 79' lang='lat' dir='ltr'>Chiothaeharius</span> <span class='ocrx_word' id='word_1_115' title='bbox 459 1180 507 1222; x_wconf 86' lang='lat' dir='ltr'>rea</span> <span class='ocrx_word' id='word_1_116' title='bbox 537 1165 641 1234; x_wconf 87' lang='lat' dir='ltr'>aoeepit</span> <span class='ocrx_word' id='word_1_117' title='bbox 665 1163 885 1237; x_wconf 72' lang='lat' dir='ltr'>:iiitropottimm</span> <span class='ocrx_word' id='word_1_118' title='bbox 913 1159 929 1203; x_wconf 79' lang='grc'>1</span> <span class='ocrx_word' id='word_1_119' title='bbox 978 1166 1222 1241; x_wconf 67' lang='lat' dir='ltr'>diueodhuslpitnr</span> <span class='ocrx_word' id='word_1_120' title='bbox 1244 1171 1354 1242; x_wconf 86' lang='lat' dir='ltr'>pariter,</span> <span class='ocrx_word' id='word_1_121' title='bbox 1375 1172 1561 1233; x_wconf 82' lang='lat' dir='ltr'>Britannorum</span> <span class='ocrx_word' id='word_1_122' title='bbox 1581 1177 1671 1238; x_wconf 81' lang='lat' dir='ltr'>eoinaes</span> <span class='ocrx_word' id='word_1_123' title='bbox 1690 1191 1764 1256; x_wconf 72' lang='lat' dir='ltr'>terga</span> 
     </span>
     <span class='ocr_line' id='line_1_11' title="bbox 141 1255 1766 1349; baseline 0.015 -38"><span class='ocrx_word' id='word_1_124' title='bbox 141 1267 202 1311; x_wconf 84' lang='lat' dir='ltr'>raro</span> <span class='ocrx_word' id='word_1_125' title='bbox 216 1264 246 1313; x_wconf 91' lang='lat' dir='ltr'>st</span> <span class='ocrx_word' id='word_1_126' title='bbox 265 1256 408 1327; x_wconf 69' lang='lat' dir='ltr'>timasius</span> <span class='ocrx_word' id='word_1_127' title='bbox 432 1255 498 1313; x_wconf 88' lang='lat' dir='ltr'>dost</span> <span class='ocrx_word' id='word_1_128' title='bbox 517 1256 544 1314; x_wconf 82' lang='lat' dir='ltr'>ie</span> <span class='ocrx_word' id='word_1_129' title='bbox 558 1256 682 1314; x_wconf 79' lang='lat' dir='ltr'>exsilium</span> <span class='ocrx_word' id='word_1_130' title='bbox 697 1256 797 1324; x_wconf 83' lang='lat' dir='ltr'>posuit.</span> <span class='ocrx_word' id='word_1_131' title='bbox 818 1255 930 1311; x_wconf 75' lang='lat' dir='ltr'>coram·</span> <span class='ocrx_word' id='word_1_132' title='bbox 966 1262 1073 1327; x_wconf 64' lang='lat' dir='ltr'>uertit,</span> <span class='ocrx_word' id='word_1_133' title='bbox 1088 1260 1220 1333; x_wconf 79' lang='lat' dir='ltr'>ihinueet</span> <span class='ocrx_word' id='word_1_134' title='bbox 1240 1265 1348 1324; x_wconf 76' lang='lat' dir='ltr'>recidit.</span> <span class='ocrx_word' id='word_1_135' title='bbox 1369 1265 1491 1341; x_wconf 82' lang='lat' dir='ltr'>Denique</span> <span class='ocrx_word' id='word_1_136' title='bbox 1512 1269 1663 1332; x_wconf 87' lang='lat' dir='ltr'>chramnus</span> <span class='ocrx_word' id='word_1_137' title='bbox 1676 1277 1766 1349; x_wconf 72' lang='lat' dir='ltr'>lupam</span> 
     </span>
     <span class='ocr_line' id='line_1_12' title="bbox 141 1346 1765 1426; baseline 0.013 -23"><span class='ocrx_word' id='word_1_138' title='bbox 141 1359 187 1403; x_wconf 88' lang='lat' dir='ltr'>tas</span> <span class='ocrx_word' id='word_1_139' title='bbox 212 1355 306 1404; x_wconf 79' lang='lat' dir='ltr'>satem</span> <span class='ocrx_word' id='word_1_140' title='bbox 321 1346 391 1418; x_wconf 90' lang='lat' dir='ltr'>patri</span> <span class='ocrx_word' id='word_1_141' title='bbox 405 1357 624 1420; x_wconf 71' lang='lat' dir='ltr'>representatur,</span> <span class='ocrx_word' id='word_1_142' title='bbox 639 1346 687 1405; x_wconf 79' lang='lat' dir='ltr'>sed</span> <span class='ocrx_word' id='word_1_143' title='bbox 702 1356 793 1418; x_wconf 85' lang='lat' dir='ltr'>postea</span> <span class='ocrx_word' id='word_1_144' title='bbox 813 1346 930 1403; x_wconf 86' lang='lat' dir='ltr'>inlideiia</span> <span class='ocrx_word' id='word_1_145' title='bbox 979 1351 1052 1421; x_wconf 88' lang='lat' dir='ltr'>iniit,</span> <span class='ocrx_word' id='word_1_146' title='bbox 1067 1367 1150 1410; x_wconf 85' lang='lat' dir='ltr'>nares</span> <span class='ocrx_word' id='word_1_147' title='bbox 1163 1354 1190 1410; x_wconf 91' lang='lat' dir='ltr'>in</span> <span class='ocrx_word' id='word_1_148' title='bbox 1204 1356 1271 1411; x_wconf 89' lang='lat' dir='ltr'>mari</span> <span class='ocrx_word' id='word_1_149' title='bbox 1291 1366 1398 1426; x_wconf 87' lang='lat' dir='ltr'>paratas</span> <span class='ocrx_word' id='word_1_150' title='bbox 1417 1359 1520 1418; x_wconf 87' lang='lat' dir='ltr'>haheat</span> <span class='ocrx_word' id='word_1_151' title='bbox 1535 1380 1543 1418; x_wconf 75' lang='grc' dir='ltr'><strong>ε</strong></span> <span class='ocrx_word' id='word_1_152' title='bbox 1558 1364 1606 1420; x_wconf 82' lang='lat' dir='ltr'>sed</span> <span class='ocrx_word' id='word_1_153' title='bbox 1620 1364 1683 1422; x_wconf 82' lang='lat' dir='ltr'>thnn</span> <span class='ocrx_word' id='word_1_154' title='bbox 1697 1383 1765 1424; x_wconf 88' lang='lat' dir='ltr'>nao-</span> 
     </span>
     <span class='ocr_line' id='line_1_13' title="bbox 139 1436 1766 1528; baseline 0.014 -36"><span class='ocrx_word' id='word_1_155' title='bbox 139 1436 256 1493; x_wconf 78' lang='lat' dir='ltr'>trstitlt.</span> <span class='ocrx_word' id='word_1_156' title='bbox 282 1436 402 1509; x_wconf 71' lang='lat' dir='ltr'>camene</span> <span class='ocrx_word' id='word_1_157' title='bbox 424 1452 455 1496; x_wconf 79' lang='lat' dir='ltr'>te</span> <span class='ocrx_word' id='word_1_158' title='bbox 475 1446 599 1496; x_wconf 85' lang='lat' dir='ltr'>semeret</span> <span class='ocrx_word' id='word_1_159' title='bbox 621 1439 737 1495; x_wconf 83' lang='lat' dir='ltr'>eradens</span> <span class='ocrx_word' id='word_1_160' title='bbox 761 1454 815 1494; x_wconf 91' lang='lat' dir='ltr'>oon</span> <span class='ocrx_word' id='word_1_161' title='bbox 834 1453 928 1509; x_wconf 86' lang='lat' dir='ltr'>posse,</span> <span class='ocrx_word' id='word_1_162' title='bbox 979 1455 1036 1497; x_wconf 90' lang='lat' dir='ltr'>rem</span> <span class='ocrx_word' id='word_1_163' title='bbox 1050 1453 1079 1500; x_wconf 87' lang='lat' dir='ltr'>et</span> <span class='ocrx_word' id='word_1_164' title='bbox 1092 1441 1162 1501; x_wconf 88' lang='lat' dir='ltr'>illias</span> <span class='ocrx_word' id='word_1_165' title='bbox 1180 1458 1243 1501; x_wconf 87' lang='lat' dir='ltr'>snas</span> <span class='ocrx_word' id='word_1_166' title='bbox 1258 1444 1374 1504; x_wconf 78' lang='lat' dir='ltr'>liberare</span> <span class='ocrx_word' id='word_1_167' title='bbox 1386 1449 1482 1519; x_wconf 83' lang='lat' dir='ltr'>voluit,</span> <span class='ocrx_word' id='word_1_168' title='bbox 1501 1452 1536 1509; x_wconf 88' lang='lat' dir='ltr'>ah</span> <span class='ocrx_word' id='word_1_169' title='bbox 1548 1455 1666 1511; x_wconf 85' lang='lat' dir='ltr'>erereitn</span> <span class='ocrx_word' id='word_1_170' title='bbox 1681 1458 1766 1528; x_wconf 88' lang='lat' dir='ltr'>patris</span> 
     </span>
     <span class='ocr_line' id='line_1_14' title="bbox 137 1525 1767 1609; baseline 0.013 -28"><span class='ocrx_word' id='word_1_171' title='bbox 137 1525 306 1583; x_wconf 76' lang='lat' dir='ltr'>trnamta·</span> <span class='ocrx_word' id='word_1_172' title='bbox 316 1528 414 1598; x_wconf 87' lang='lat' dir='ltr'>petiit:</span> <span class='ocrx_word' id='word_1_173' title='bbox 430 1527 522 1599; x_wconf 80' lang='lat' dir='ltr'>ibinus</span> <span class='ocrx_word' id='word_1_174' title='bbox 533 1542 595 1584; x_wconf 85' lang='lat' dir='ltr'>enm</span> <span class='ocrx_word' id='word_1_175' title='bbox 604 1528 749 1585; x_wconf 78' lang='lat' dir='ltr'>chonobro</span> <span class='ocrx_word' id='word_1_176' title='bbox 761 1538 773 1568; x_wconf 68' lang='grc' dir='ltr'><strong>ι</strong></span> <span class='ocrx_word' id='word_1_177' title='bbox 789 1527 930 1586; x_wconf 73' lang='lat' dir='ltr'>Britanno·</span> <span class='ocrx_word' id='word_1_178' title='bbox 978 1544 1137 1603; x_wconf 86' lang='lat' dir='ltr'>oppressus,</span> <span class='ocrx_word' id='word_1_179' title='bbox 1150 1543 1244 1604; x_wconf 85' lang='lat' dir='ltr'>oapttts</span> <span class='ocrx_word' id='word_1_180' title='bbox 1255 1544 1335 1607; x_wconf 81' lang='lat' dir='ltr'>atquo</span> <span class='ocrx_word' id='word_1_181' title='bbox 1345 1538 1442 1609; x_wconf 74' lang='lat' dir='ltr'>lipatus</span> <span class='ocrx_word' id='word_1_182' title='bbox 1455 1549 1507 1597; x_wconf 90' lang='lat' dir='ltr'>eat.</span> <span class='ocrx_word' id='word_1_183' title='bbox 1523 1543 1599 1609; x_wconf 80' lang='lat' dir='ltr'>Qnod</span> <span class='ocrx_word' id='word_1_184' title='bbox 1613 1559 1674 1600; x_wconf 84' lang='lat' dir='ltr'>aum</span> <span class='ocrx_word' id='word_1_185' title='bbox 1683 1545 1767 1603; x_wconf 86' lang='lat' dir='ltr'>Citio·</span> 
     </span>
     <span class='ocr_line' id='line_1_15' title="bbox 134 1617 1764 1702; baseline 0.012 -27"><span class='ocrx_word' id='word_1_186' title='bbox 134 1631 195 1675; x_wconf 74' lang='grc' dir='ltr'><strong>ιιι</strong></span> <span class='ocrx_word' id='word_1_187' title='bbox 214 1619 334 1684; x_wconf 56' lang='lat' dir='ltr'>sanius</span> <span class='ocrx_word' id='word_1_188' title='bbox 347 1620 407 1690; x_wconf 89' lang='lat' dir='ltr'>ipse</span> <span class='ocrx_word' id='word_1_189' title='bbox 422 1629 451 1677; x_wconf 86' lang='lat' dir='ltr'>et</span> <span class='ocrx_word' id='word_1_190' title='bbox 473 1634 542 1676; x_wconf 87' lang='lat' dir='ltr'>uror</span> <span class='ocrx_word' id='word_1_191' title='bbox 558 1619 633 1689; x_wconf 79' lang='lat' dir='ltr'>elus,</span> <span class='ocrx_word' id='word_1_192' title='bbox 655 1633 688 1675; x_wconf 93' lang='lat' dir='ltr'>ae</span> <span class='ocrx_word' id='word_1_193' title='bbox 706 1619 767 1675; x_wconf 76' lang='lat' dir='ltr'>illim</span> <span class='ocrx_word' id='word_1_194' title='bbox 781 1617 926 1677; x_wconf 87' lang='lat' dir='ltr'>latuerunt.</span> <span class='ocrx_word' id='word_1_195' title='bbox 979 1620 1119 1679; x_wconf 83' lang='lat' dir='ltr'>thaehario</span> <span class='ocrx_word' id='word_1_196' title='bbox 1137 1624 1193 1695; x_wconf 68' lang='lat' dir='ltr'>regi</span> <span class='ocrx_word' id='word_1_197' title='bbox 1214 1628 1364 1682; x_wconf 89' lang='lat' dir='ltr'>nuntiatum</span> <span class='ocrx_word' id='word_1_198' title='bbox 1388 1629 1498 1698; x_wconf 85' lang='lat' dir='ltr'>inisset,</span> <span class='ocrx_word' id='word_1_199' title='bbox 1516 1630 1597 1702; x_wconf 79' lang='lat' dir='ltr'>iussit</span> <span class='ocrx_word' id='word_1_200' title='bbox 1616 1649 1677 1692; x_wconf 89' lang='lat' dir='ltr'>enm</span> <span class='ocrx_word' id='word_1_201' title='bbox 1702 1652 1764 1694; x_wconf 90' lang='lat' dir='ltr'>eum</span> 
     </span>
     <span class='ocr_line' id='line_1_16' title="bbox 131 1709 1764 1800; baseline 0.012 -33"><span class='ocrx_word' id='word_1_202' title='bbox 131 1709 331 1772; x_wconf 62' lang='lat' dir='ltr'>weinharius</span> <span class='ocrx_word' id='word_1_203' title='bbox 341 1724 432 1771; x_wconf 85' lang='lat' dir='ltr'>autom</span> <span class='ocrx_word' id='word_1_204' title='bbox 452 1727 530 1773; x_wconf 79' lang='lat' dir='ltr'>rooer</span> <span class='ocrx_word' id='word_1_205' title='bbox 540 1713 600 1784; x_wconf 79' lang='lat' dir='ltr'>eins</span> <span class='ocrx_word' id='word_1_206' title='bbox 619 1711 679 1769; x_wconf 70' lang='lat' dir='ltr'>‘ad</span> <span class='ocrx_word' id='word_1_207' title='bbox 694 1712 831 1770; x_wconf 79' lang='lat' dir='ltr'>basilicam</span> <span class='ocrx_word' id='word_1_208' title='bbox 843 1713 929 1770; x_wconf 88' lang='lat' dir='ltr'>saneti</span> <span class='ocrx_word' id='word_1_209' title='bbox 979 1727 1064 1770; x_wconf 88' lang='lat' dir='ltr'>naore</span> <span class='ocrx_word' id='word_1_210' title='bbox 1076 1721 1106 1770; x_wconf 89' lang='lat' dir='ltr'>et</span> <span class='ocrx_word' id='word_1_211' title='bbox 1120 1713 1226 1772; x_wconf 81' lang='lat' dir='ltr'>cilahnt</span> <span class='ocrx_word' id='word_1_212' title='bbox 1242 1718 1321 1792; x_wconf 70' lang='lat'>162</span> <span class='ocrx_word' id='word_1_213' title='bbox 1344 1719 1398 1792; x_wconf 76' lang='lat' dir='ltr'>ipni</span> <span class='ocrx_word' id='word_1_214' title='bbox 1412 1724 1555 1780; x_wconf 89' lang='lat' dir='ltr'>oonsumi:</span> <span class='ocrx_word' id='word_1_215' title='bbox 1575 1725 1723 1800; x_wconf 76' lang='lat' dir='ltr'>inclusique</span> <span class='ocrx_word' id='word_1_216' title='bbox 1735 1729 1764 1787; x_wconf 92' lang='lat' dir='ltr'>in</span> 
     </span>
     <span class='ocr_line' id='line_1_17' title="bbox 128 1798 1765 1887; baseline 0.009 -28"><span class='ocrx_word' id='word_1_217' title='bbox 128 1801 246 1861; x_wconf 62' lang='lat' dir='ltr'>hreini</span> <span class='ocrx_word' id='word_1_218' title='bbox 257 1805 390 1878; x_wconf 65' lang='lat' dir='ltr'>omingin</span> <span class='ocrx_word' id='word_1_219' title='bbox 398 1803 475 1861; x_wconf 78' lang='lat' dir='ltr'>lune</span> <span class='ocrx_word' id='word_1_220' title='bbox 487 1813 580 1871; x_wconf 70' lang='lat' dir='ltr'>aneta</span> <span class='ocrx_word' id='word_1_221' title='bbox 594 1804 733 1862; x_wconf 79' lang='lat' dir='ltr'>basiliere</span> <span class='ocrx_word' id='word_1_222' title='bbox 751 1806 867 1876; x_wconf 80' lang='lat' dir='ltr'>pennatis</span> <span class='ocrx_word' id='word_1_223' title='bbox 880 1819 926 1875; x_wconf 81' lang='lat' dir='ltr'>po</span> <span class='ocrx_word' id='word_1_224' title='bbox 940 1798 966 1859; x_wconf 88' lang='lat' dir='ltr'>B</span> <span class='ocrx_word' id='word_1_225' title='bbox 978 1802 1084 1872; x_wconf 67' lang='lat' dir='ltr'>tugurio</span> <span class='ocrx_word' id='word_1_226' title='bbox 1106 1802 1245 1875; x_wconf 81' lang='lat' dir='ltr'>enjusdam</span> <span class='ocrx_word' id='word_1_227' title='bbox 1275 1809 1427 1877; x_wconf 76' lang='lat' dir='ltr'>pauperculi</span> <span class='ocrx_word' id='word_1_228' title='bbox 1454 1807 1484 1878; x_wconf 82' lang='lat'>¹,</span> <span class='ocrx_word' id='word_1_229' title='bbox 1508 1811 1658 1872; x_wconf 78' lang='lat' dir='ltr'>cnrarnnns</span> <span class='ocrx_word' id='word_1_230' title='bbox 1683 1833 1765 1887; x_wconf 83' lang='lat' dir='ltr'>snper</span> 
     </span>
     <span class='ocr_line' id='line_1_18' title="bbox 124 1891 1764 1973; baseline 0.01 -26"><span class='ocrx_word' id='word_1_231' title='bbox 124 1891 188 1964; x_wconf 71' lang='lat' dir='ltr'>puli</span> <span class='ocrx_word' id='word_1_232' title='bbox 202 1907 240 1948; x_wconf 88' lang='lat' dir='ltr'>ao</span> <span class='ocrx_word' id='word_1_233' title='bbox 255 1893 397 1961; x_wconf 71' lang='lat' dir='ltr'>ludibriis,</span> <span class='ocrx_word' id='word_1_234' title='bbox 420 1909 481 1964; x_wconf 74' lang='grc' dir='ltr'><strong>ιιι·</strong></span> <span class='ocrx_word' id='word_1_235' title='bbox 500 1893 529 1950; x_wconf 86' lang='lat' dir='ltr'>io</span> <span class='ocrx_word' id='word_1_236' title='bbox 542 1909 574 1951; x_wconf 86' lang='lat' dir='ltr'>ea</span> <span class='ocrx_word' id='word_1_237' title='bbox 588 1893 705 1964; x_wconf 84' lang='lat' dir='ltr'>dehant,</span> <span class='ocrx_word' id='word_1_238' title='bbox 725 1909 773 1965; x_wconf 88' lang='lat' dir='ltr'>per</span> <span class='ocrx_word' id='word_1_239' title='bbox 786 1893 929 1952; x_wconf 83' lang='lat' dir='ltr'>Wiliaeha·</span> <span class='ocrx_word' id='word_1_240' title='bbox 977 1906 1116 1950; x_wconf 66' lang='lat' dir='ltr'>somnum</span> <span class='ocrx_word' id='word_1_241' title='bbox 1127 1903 1253 1952; x_wconf 74' lang='lat' dir='ltr'>exmnsus</span> <span class='ocrx_word' id='word_1_242' title='bbox 1266 1898 1357 1953; x_wconf 91' lang='lat' dir='ltr'>orario</span> <span class='ocrx_word' id='word_1_243' title='bbox 1370 1900 1525 1972; x_wconf 69' lang='lat' dir='ltr'>suggillatus</span> <span class='ocrx_word' id='word_1_244' title='bbox 1538 1914 1592 1970; x_wconf 78' lang='lat' dir='ltr'>est3</span> <span class='ocrx_word' id='word_1_245' title='bbox 1601 1913 1629 1961; x_wconf 90' lang='lat' dir='ltr'>et</span> <span class='ocrx_word' id='word_1_246' title='bbox 1640 1906 1764 1973; x_wconf 83' lang='lat' dir='ltr'>siopost·</span> 
     </span>
     <span class='ocr_line' id='line_1_19' title="bbox 124 1983 1764 2059; baseline 0.009 -20"><span class='ocrx_word' id='word_1_247' title='bbox 124 1983 208 2039; x_wconf 76' lang='lat' dir='ltr'>rlsn</span> <span class='ocrx_word' id='word_1_248' title='bbox 220 1983 416 2056; x_wconf 64' lang='lat' dir='ltr'>summoue</span> <span class='ocrx_word' id='word_1_249' title='bbox 423 1983 621 2055; x_wconf 79' lang='lat' dir='ltr'>einssnoeenea</span> <span class='ocrx_word' id='word_1_250' title='bbox 633 1993 691 2050; x_wconf 82' lang='lat' dir='ltr'>est.</span> <span class='ocrx_word' id='word_1_251' title='bbox 701 1984 771 2056; x_wconf 85' lang='lat' dir='ltr'>quod</span> <span class='ocrx_word' id='word_1_252' title='bbox 783 2001 835 2039; x_wconf 88' lang='lat' dir='ltr'>non</span> <span class='ocrx_word' id='word_1_253' title='bbox 851 1984 928 2058; x_wconf 68' lang='lat'>101</span> <span class='ocrx_word' id='word_1_254' title='bbox 978 1995 1009 2038; x_wconf 87' lang='lat' dir='ltr'>ea</span> <span class='ocrx_word' id='word_1_255' title='bbox 1023 1996 1105 2051; x_wconf 87' lang='lat' dir='ltr'>saper</span> <span class='ocrx_word' id='word_1_256' title='bbox 1115 1998 1164 2040; x_wconf 86' lang='lat' dir='ltr'>eos</span> <span class='ocrx_word' id='word_1_257' title='bbox 1183 1985 1291 2042; x_wconf 89' lang='lat' dir='ltr'>iaoensa</span> <span class='ocrx_word' id='word_1_258' title='bbox 1309 1989 1416 2059; x_wconf 78' lang='lat' dir='ltr'>rosula,</span> <span class='ocrx_word' id='word_1_259' title='bbox 1430 2005 1491 2046; x_wconf 86' lang='lat' dir='ltr'>enm</span> <span class='ocrx_word' id='word_1_260' title='bbox 1505 2006 1588 2050; x_wconf 84' lang='lat' dir='ltr'>tutore</span> <span class='ocrx_word' id='word_1_261' title='bbox 1611 2003 1639 2051; x_wconf 90' lang='lat' dir='ltr'>et</span> <span class='ocrx_word' id='word_1_262' title='bbox 1658 1995 1764 2056; x_wconf 82' lang='lat' dir='ltr'>dlitlrss</span> 
     </span>
     <span class='ocr_line' id='line_1_20' title="bbox 120 2071 1090 2144; baseline -0.002 -14"><span class='ocrx_word' id='word_1_263' title='bbox 120 2074 196 2130; x_wconf 73' lang='lat' dir='ltr'>eine</span> <span class='ocrx_word' id='word_1_264' title='bbox 209 2075 289 2144; x_wconf 64' lang='lat' dir='ltr'>{rari</span> <span class='ocrx_word' id='word_1_265' title='bbox 301 2073 417 2144; x_wconf 90' lang='lat' dir='ltr'>suspirio</span> <span class='ocrx_word' id='word_1_266' title='bbox 430 2088 621 2133; x_wconf 75' lang='lat' dir='ltr'>memoramus.</span> <span class='ocrx_word' id='word_1_267' title='bbox 633 2074 688 2132; x_wconf 86' lang='lat' dir='ltr'>Sed</span> <span class='ocrx_word' id='word_1_268' title='bbox 702 2085 729 2129; x_wconf 93' lang='lat' dir='ltr'>et</span> <span class='ocrx_word' id='word_1_269' title='bbox 739 2074 833 2130; x_wconf 81' lang='lat' dir='ltr'>ciuitas</span> <span class='ocrx_word' id='word_1_270' title='bbox 845 2074 930 2130; x_wconf 80' lang='lat' dir='ltr'>Turo-</span> <span class='ocrx_word' id='word_1_271' title='bbox 978 2071 1090 2129; x_wconf 90' lang='lat' dir='ltr'>interiit.</span> 
     </span>
     <span class='ocr_line' id='line_1_21' title="bbox 123 2161 1764 2244; baseline 0.01 -25"><span class='ocrx_word' id='word_1_272' title='bbox 123 2162 198 2220; x_wconf 73' lang='lat' dir='ltr'>ties</span> <span class='ocrx_word' id='word_1_273' title='bbox 214 2173 280 2223; x_wconf 81' lang='lat' dir='ltr'>asts</span> <span class='ocrx_word' id='word_1_274' title='bbox 293 2178 396 2221; x_wconf 80' lang='lat' dir='ltr'>essars</span> <span class='ocrx_word' id='word_1_275' title='bbox 407 2164 461 2235; x_wconf 78' lang='lat' dir='ltr'>iam</span> <span class='ocrx_word' id='word_1_276' title='bbox 485 2165 539 2236; x_wconf 67' lang='lat' dir='ltr'>igni</span> <span class='ocrx_word' id='word_1_277' title='bbox 552 2175 710 2236; x_wconf 77' lang='lat' dir='ltr'>consumpta</span> <span class='ocrx_word' id='word_1_278' title='bbox 734 2165 873 2232; x_wconf 68' lang='lat' dir='ltr'>innatet</span> <span class='ocrx_word' id='word_1_279' title='bbox 887 2176 930 2223; x_wconf 88' lang='lat' dir='ltr'>to·</span> <span class='ocrx_word' id='word_1_280' title='bbox 1015 2161 1088 2220; x_wconf 76' lang='lat' dir='ltr'>xxi.</span> <span class='ocrx_word' id='word_1_281' title='bbox 1097 2162 1226 2222; x_wconf 79' lang='lat' dir='ltr'>hearern</span> <span class='ocrx_word' id='word_1_282' title='bbox 1235 2164 1455 2225; x_wconf 82' lang='lat' dir='ltr'>chlothacharius</span> <span class='ocrx_word' id='word_1_283' title='bbox 1464 2184 1535 2226; x_wconf 88' lang='lat' dir='ltr'>anno</span> <span class='ocrx_word' id='word_1_284' title='bbox 1543 2174 1764 2244; x_wconf 71' lang='lat' dir='ltr'>quinquagesimo</span> 
     </span>
     <span class='ocr_line' id='line_1_22' title="bbox 122 2252 1761 2327; baseline 0.008 -16"><span class='ocrx_word' id='word_1_285' title='bbox 122 2261 169 2311; x_wconf 73' lang='grc' dir='ltr'>Ιι</span> <span class='ocrx_word' id='word_1_286' title='bbox 193 2254 319 2311; x_wconf 68' lang='lat' dir='ltr'>seriem·</span> <span class='ocrx_word' id='word_1_287' title='bbox 331 2254 359 2312; x_wconf 89' lang='lat' dir='ltr'>ia</span> <span class='ocrx_word' id='word_1_288' title='bbox 382 2255 476 2313; x_wconf 64' lang='lat' dir='ltr'>edem</span> <span class='ocrx_word' id='word_1_289' title='bbox 494 2266 670 2324; x_wconf 72' lang='lat' dir='ltr'>constructae,</span> <span class='ocrx_word' id='word_1_290' title='bbox 693 2257 808 2315; x_wconf 74' lang='lat' dir='ltr'>desertas</span> <span class='ocrx_word' id='word_1_291' title='bbox 828 2257 931 2314; x_wconf 66' lang='lat' dir='ltr'>relicte</span> <span class='ocrx_word' id='word_1_292' title='bbox 980 2252 1067 2323; x_wconf 93' lang='lat' dir='ltr'>primo</span> <span class='ocrx_word' id='word_1_293' title='bbox 1080 2254 1156 2327; x_wconf 67' lang='lat' dir='ltr'>renni</span> <span class='ocrx_word' id='word_1_294' title='bbox 1170 2255 1222 2324; x_wconf 84' lang='lat' dir='ltr'>sui,</span> <span class='ocrx_word' id='word_1_295' title='bbox 1236 2270 1298 2312; x_wconf 88' lang='lat' dir='ltr'>eum</span> <span class='ocrx_word' id='word_1_296' title='bbox 1314 2257 1406 2315; x_wconf 89' lang='lat' dir='ltr'>multis</span> <span class='ocrx_word' id='word_1_297' title='bbox 1418 2261 1572 2318; x_wconf 81' lang='lat' dir='ltr'>muneribus</span> <span class='ocrx_word' id='word_1_298' title='bbox 1585 2263 1679 2323; x_wconf 87' lang='lat' dir='ltr'>limina</span> <span class='ocrx_word' id='word_1_299' title='bbox 1689 2268 1761 2325; x_wconf 83' lang='lat' dir='ltr'>beati</span> 
     </span>
     <span class='ocr_line' id='line_1_23' title="bbox 122 2342 1763 2425; baseline 0.004 -22"><span class='ocrx_word' id='word_1_300' title='bbox 122 2352 213 2403; x_wconf 74' lang='grc' dir='ltr'><strong>ιιιι.</strong></span> <span class='ocrx_word' id='word_1_301' title='bbox 226 2343 353 2402; x_wconf 79' lang='lat' dir='ltr'>Protinus</span> <span class='ocrx_word' id='word_1_302' title='bbox 362 2345 432 2402; x_wconf 84' lang='lat' dir='ltr'>lteati</span> <span class='ocrx_word' id='word_1_303' title='bbox 441 2344 546 2403; x_wconf 88' lang='lat' dir='ltr'>llartiai</span> <span class='ocrx_word' id='word_1_304' title='bbox 560 2345 686 2413; x_wconf 81' lang='lat' dir='ltr'>basilica,</span> <span class='ocrx_word' id='word_1_305' title='bbox 700 2346 933 2405; x_wconf 85' lang='lat' dir='ltr'>ordinantocialo·</span> <span class='ocrx_word' id='word_1_306' title='bbox 981 2342 1086 2400; x_wconf 87' lang='lat' dir='ltr'>iiartitti</span> <span class='ocrx_word' id='word_1_307' title='bbox 1107 2345 1222 2416; x_wconf 88' lang='lat' dir='ltr'>erpetiil</span> <span class='ocrx_word' id='word_1_308' title='bbox 1234 2353 1260 2411; x_wconf 79' lang='lat' dir='ltr'>t,</span> <span class='ocrx_word' id='word_1_309' title='bbox 1273 2354 1301 2402; x_wconf 89' lang='lat' dir='ltr'>et</span> <span class='ocrx_word' id='word_1_310' title='bbox 1315 2347 1461 2405; x_wconf 79' lang='lat' dir='ltr'>adveniens</span> <span class='ocrx_word' id='word_1_311' title='bbox 1481 2348 1596 2408; x_wconf 80' lang='lat' dir='ltr'>Turonis</span> <span class='ocrx_word' id='word_1_312' title='bbox 1614 2355 1647 2410; x_wconf 90' lang='lat' dir='ltr'>sd</span> <span class='ocrx_word' id='word_1_313' title='bbox 1673 2358 1763 2425; x_wconf 85' lang='lat' dir='ltr'>sepul·</span> 
     </span>
     <span class='ocr_line' id='line_1_24' title="bbox 126 2432 1761 2512; baseline 0.007 -24"><span class='ocrx_word' id='word_1_314' title='bbox 126 2433 285 2492; x_wconf 62' lang='lat' dir='ltr'>tuebaris</span> <span class='ocrx_word' id='word_1_315' title='bbox 298 2449 377 2507; x_wconf 66' lang='lat' dir='ltr'>repo,</span> <span class='ocrx_word' id='word_1_316' title='bbox 402 2444 499 2492; x_wconf 81' lang='lat' dir='ltr'>stanam</span> <span class='ocrx_word' id='word_1_317' title='bbox 518 2445 645 2509; x_wconf 81' lang='lat' dir='ltr'>eooputa</span> <span class='ocrx_word' id='word_1_318' title='bbox 658 2447 716 2499; x_wconf 81' lang='lat' dir='ltr'>est.</span> <span class='ocrx_word' id='word_1_319' title='bbox 733 2447 759 2493; x_wconf 90' lang='lat' dir='ltr'>et</span> <span class='ocrx_word' id='word_1_320' title='bbox 774 2432 876 2506; x_wconf 84' lang='lat' dir='ltr'>inilia,</span> <span class='ocrx_word' id='word_1_321' title='bbox 902 2446 932 2494; x_wconf 89' lang='grc' dir='ltr'>ιι</span> <span class='ocrx_word' id='word_1_322' title='bbox 980 2445 1057 2488; x_wconf 87' lang='lat' dir='ltr'>orum</span> <span class='ocrx_word' id='word_1_323' title='bbox 1070 2432 1197 2489; x_wconf 73' lang='lat' dir='ltr'>antedicti</span> <span class='ocrx_word' id='word_1_324' title='bbox 1210 2433 1349 2504; x_wconf 88' lang='lat' dir='ltr'>antistitis,</span> <span class='ocrx_word' id='word_1_325' title='bbox 1362 2445 1471 2492; x_wconf 82' lang='lat' dir='ltr'>ennetm</span> <span class='ocrx_word' id='word_1_326' title='bbox 1494 2438 1614 2496; x_wconf 80' lang='lat' dir='ltr'>artiones</span> <span class='ocrx_word' id='word_1_327' title='bbox 1627 2457 1695 2512; x_wconf 79' lang='lat' dir='ltr'>quas</span> <span class='ocrx_word' id='word_1_328' title='bbox 1705 2444 1761 2500; x_wconf 87' lang='lat' dir='ltr'>lor·</span> 
     </span>
     <span class='ocr_line' id='line_1_25' title="bbox 127 2522 1765 2599; baseline 0.009 -17"><span class='ocrx_word' id='word_1_329' title='bbox 127 2525 217 2597; x_wconf 71' lang='lat' dir='ltr'>prinus</span> <span class='ocrx_word' id='word_1_330' title='bbox 238 2526 344 2596; x_wconf 84' lang='lat' dir='ltr'>iuerat,</span> <span class='ocrx_word' id='word_1_331' title='bbox 358 2526 506 2599; x_wconf 70' lang='lat' dir='ltr'>nepotis,</span> <span class='ocrx_word' id='word_1_332' title='bbox 530 2539 663 2596; x_wconf 66' lang='lat' dir='ltr'>retuamta.</span> <span class='ocrx_word' id='word_1_333' title='bbox 688 2526 763 2585; x_wconf 73' lang='lat' dir='ltr'>Tune</span> <span class='ocrx_word' id='word_1_334' title='bbox 779 2526 840 2584; x_wconf 81' lang='lat' dir='ltr'>dum</span> <span class='ocrx_word' id='word_1_335' title='bbox 858 2527 932 2585; x_wconf 83' lang='lat' dir='ltr'>acies</span> <span class='ocrx_word' id='word_1_336' title='bbox 982 2522 1241 2595; x_wconf 72' lang='grc'>1111111111111111</span> <span class='ocrx_word' id='word_1_337' title='bbox 1264 2531 1355 2595; x_wconf 71' lang='lat' dir='ltr'>operat</span> <span class='ocrx_word' id='word_1_338' title='bbox 1380 2525 1681 2597; x_wconf 64' lang='grc' dir='ltr'>111111111Μ1011111</span> <span class='ocrx_word' id='word_1_339' title='bbox 1703 2548 1765 2591; x_wconf 68' lang='lat' dir='ltr'>orm</span> 
     </span>
    </p>
   </div>
   <div class='ocr_carea' id='block_1_3' title="bbox 136 2611 1891 2699">
    <p class='ocr_par' dir='ltr' id='par_1_3' title="bbox 136 2611 1891 2699">
     <span class='ocr_line' id='line_1_26' title="bbox 136 2611 1891 2699; baseline 0.006 -27"><span class='ocrx_word' id='word_1_340' title='bbox 136 2617 310 2673; x_wconf 68' lang='lat' dir='ltr'>umorum</span> <span class='ocrx_word' id='word_1_341' title='bbox 328 2625 527 2687; x_wconf 84' lang='lat' dir='ltr'>apparuerunt,</span> <span class='ocrx_word' id='word_1_342' title='bbox 542 2633 602 2688; x_wconf 80' lang='lat' dir='ltr'>num</span> <span class='ocrx_word' id='word_1_343' title='bbox 617 2633 665 2687; x_wconf 88' lang='lat' dir='ltr'>per</span> <span class='ocrx_word' id='word_1_344' title='bbox 687 2618 838 2674; x_wconf 72' lang='lat' dir='ltr'>Arvernum</span> <span class='ocrx_word' id='word_1_345' title='bbox 851 2626 933 2689; x_wconf 80' lang='lat' dir='ltr'>atque</span> <span class='ocrx_word' id='word_1_346' title='bbox 981 2613 1075 2683; x_wconf 68' lang='lat' dir='ltr'>paridi</span> <span class='ocrx_word' id='word_1_347' title='bbox 1089 2614 1209 2686; x_wconf 75' lang='lat' dir='ltr'>gemitu,</span> <span class='ocrx_word' id='word_1_348' title='bbox 1223 2623 1253 2668; x_wconf 90' lang='lat' dir='ltr'>nt</span> <span class='ocrx_word' id='word_1_349' title='bbox 1266 2628 1316 2686; x_wconf 89' lang='lat' dir='ltr'>pro</span> <span class='ocrx_word' id='word_1_350' title='bbox 1338 2617 1396 2671; x_wconf 89' lang='lat' dir='ltr'>suis</span> <span class='ocrx_word' id='word_1_351' title='bbox 1411 2616 1496 2686; x_wconf 85' lang='lat' dir='ltr'>enlpis</span> <span class='ocrx_word' id='word_1_352' title='bbox 1512 2617 1607 2676; x_wconf 84' lang='lat' dir='ltr'>beatos</span> <span class='ocrx_word' id='word_1_353' title='bbox 1627 2621 1773 2699; x_wconf 13' lang='lat' dir='ltr'>consessor*</span> <span class='ocrx_word' id='word_1_354' title='bbox 1872 2611 1891 2623; x_wconf 53' lang='lat'><strong><em>⁶</em></strong></span> 
     </span>
    </p>
   </div>
   <div class='ocr_carea' id='block_1_4' title="bbox 134 2704 1812 3587">
    <p class='ocr_par' dir='ltr' id='par_1_4' title="bbox 134 2704 1812 3587">
     <span class='ocr_line' id='line_1_27' title="bbox 137 2704 1766 2784; baseline 0.005 -21"><span class='ocrx_word' id='word_1_355' title='bbox 137 2704 344 2763; x_wconf 67' lang='lat' dir='ltr'>mmmmm</span> <span class='ocrx_word' id='word_1_356' title='bbox 358 2717 372 2746; x_wconf 79' lang='lat'><em>⁰</em></span> <span class='ocrx_word' id='word_1_357' title='bbox 387 2715 570 2777; x_wconf 76' lang='lat' dir='ltr'>mussantes,</span> <span class='ocrx_word' id='word_1_358' title='bbox 585 2708 728 2784; x_wconf 73' lang='lat' dir='ltr'>otiorum,</span> <span class='ocrx_word' id='word_1_359' title='bbox 741 2707 931 2766; x_wconf 85' lang='lat' dir='ltr'>iiomooiaeum</span> <span class='ocrx_word' id='word_1_360' title='bbox 982 2705 1088 2762; x_wconf 78' lang='lat' dir='ltr'>cotttini</span> <span class='ocrx_word' id='word_1_361' title='bbox 1101 2706 1311 2764; x_wconf 82' lang='lat' dir='ltr'>misericordiam</span> <span class='ocrx_word' id='word_1_362' title='bbox 1332 2717 1466 2775; x_wconf 83' lang='lat' dir='ltr'>exoraret,</span> <span class='ocrx_word' id='word_1_363' title='bbox 1481 2718 1509 2766; x_wconf 89' lang='lat' dir='ltr'>et</span> <span class='ocrx_word' id='word_1_364' title='bbox 1523 2725 1555 2767; x_wconf 93' lang='lat' dir='ltr'>ea</span> <span class='ocrx_word' id='word_1_365' title='bbox 1578 2727 1638 2781; x_wconf 74' lang='lat' dir='ltr'>oue</span> <span class='ocrx_word' id='word_1_366' title='bbox 1660 2715 1766 2771; x_wconf 90' lang='lat' dir='ltr'>irratio·</span> 
     </span>
     <span class='ocr_line' id='line_1_28' title="bbox 134 2795 1766 2871; baseline 0.006 -20"><span class='ocrx_word' id='word_1_367' title='bbox 134 2811 268 2867; x_wconf 66' lang='lat' dir='ltr'>napum</span> <span class='ocrx_word' id='word_1_368' title='bbox 281 2804 428 2865; x_wconf 81' lang='lat' dir='ltr'>uenerunt,</span> <span class='ocrx_word' id='word_1_369' title='bbox 453 2798 481 2853; x_wconf 92' lang='lat' dir='ltr'>in</span> <span class='ocrx_word' id='word_1_370' title='bbox 503 2813 575 2867; x_wconf 78' lang='lat' dir='ltr'>orto,</span> <span class='ocrx_word' id='word_1_371' title='bbox 591 2798 685 2871; x_wconf 78' lang='lat' dir='ltr'>praelio</span> <span class='ocrx_word' id='word_1_372' title='bbox 697 2815 795 2870; x_wconf 67' lang='lat' dir='ltr'>magno</span> <span class='ocrx_word' id='word_1_373' title='bbox 820 2800 890 2856; x_wconf 85' lang='lat' dir='ltr'>inter</span> <span class='ocrx_word' id='word_1_374' title='bbox 901 2815 932 2857; x_wconf 86' lang='lat' dir='ltr'>so</span> <span class='ocrx_word' id='word_1_375' title='bbox 982 2795 1106 2871; x_wconf 82' lang='lat' dir='ltr'>rabiliter</span> <span class='ocrx_word' id='word_1_376' title='bbox 1120 2796 1301 2863; x_wconf 73' lang='lat' dir='ltr'>commiserat,</span> <span class='ocrx_word' id='word_1_377' title='bbox 1316 2810 1366 2852; x_wconf 86' lang='lat' dir='ltr'>sno</span> <span class='ocrx_word' id='word_1_378' title='bbox 1378 2797 1489 2854; x_wconf 86' lang='lat' dir='ltr'>obtentu</span> <span class='ocrx_word' id='word_1_379' title='bbox 1503 2798 1626 2856; x_wconf 85' lang='lat' dir='ltr'>dilueret.</span> <span class='ocrx_word' id='word_1_380' title='bbox 1644 2800 1712 2857; x_wconf 72' lang='lat' dir='ltr'>Baio</span> <span class='ocrx_word' id='word_1_381' title='bbox 1725 2819 1766 2861; x_wconf 93' lang='lat' dir='ltr'>re·</span> 
     </span>
     <span class='ocr_line' id='line_1_29' title="bbox 139 2887 1766 2962; baseline 0.004 -17"><span class='ocrx_word' id='word_1_382' title='bbox 139 2898 215 2957; x_wconf 75' lang='grc' dir='ltr'><strong>κιι,</strong></span> <span class='ocrx_word' id='word_1_383' title='bbox 243 2889 361 2945; x_wconf 80' lang='lat' dir='ltr'>maxime</span> <span class='ocrx_word' id='word_1_384' title='bbox 384 2898 447 2945; x_wconf 87' lang='lat' dir='ltr'>anot</span> <span class='ocrx_word' id='word_1_385' title='bbox 467 2890 578 2946; x_wconf 70' lang='lat' dir='ltr'>eoiiism.</span> <span class='ocrx_word' id='word_1_386' title='bbox 603 2888 825 2947; x_wconf 70' lang='lat' dir='ltr'>chlothacharius</span> <span class='ocrx_word' id='word_1_387' title='bbox 842 2899 931 2948; x_wconf 86' lang='lat' dir='ltr'>antem</span> <span class='ocrx_word' id='word_1_388' title='bbox 982 2902 1103 2962; x_wconf 72' lang='lat' dir='ltr'>gressus,</span> <span class='ocrx_word' id='word_1_389' title='bbox 1120 2887 1341 2959; x_wconf 72' lang='lat' dir='ltr'>nnninqnapesimo</span> <span class='ocrx_word' id='word_1_390' title='bbox 1355 2889 1441 2961; x_wconf 89' lang='lat' dir='ltr'>primo</span> <span class='ocrx_word' id='word_1_391' title='bbox 1459 2892 1534 2962; x_wconf 70' lang='lat' dir='ltr'>regni</span> <span class='ocrx_word' id='word_1_392' title='bbox 1548 2892 1689 2961; x_wconf 87' lang='lat' dir='ltr'>suianno,</span> <span class='ocrx_word' id='word_1_393' title='bbox 1703 2893 1766 2951; x_wconf 73' lang='lat' dir='ltr'>olom</span> 
     </span>
     <span class='ocr_line' id='line_1_30' title="bbox 141 2970 1765 3046; baseline 0.005 -10"><span class='ocrx_word' id='word_1_394' title='bbox 141 2995 202 3045; x_wconf 84' lang='lat' dir='ltr'>rsa.</span> <span class='ocrx_word' id='word_1_395' title='bbox 214 2988 311 3035; x_wconf 84' lang='lat' dir='ltr'>eontra</span> <span class='ocrx_word' id='word_1_396' title='bbox 323 2977 486 3035; x_wconf 74' lang='lat' dir='ltr'>chramnum</span> <span class='ocrx_word' id='word_1_397' title='bbox 507 2979 648 3045; x_wconf 85' lang='lat' dir='ltr'>lrondens,</span> <span class='ocrx_word' id='word_1_398' title='bbox 672 2995 733 3035; x_wconf 90' lang='lat' dir='ltr'>eum</span> <span class='ocrx_word' id='word_1_399' title='bbox 754 2970 873 3037; x_wconf 81' lang='lat' dir='ltr'>sternito</span> <span class='ocrx_word' id='word_1_400' title='bbox 885 2980 932 3035; x_wconf 90' lang='lat' dir='ltr'>ad·</span> <span class='ocrx_word' id='word_1_401' title='bbox 982 2980 1009 3036; x_wconf 92' lang='lat' dir='ltr'>in</span> <span class='ocrx_word' id='word_1_402' title='bbox 1020 2979 1095 3037; x_wconf 90' lang='lat' dir='ltr'>cotia</span> <span class='ocrx_word' id='word_1_403' title='bbox 1109 2979 1175 3035; x_wconf 85' lang='lat' dir='ltr'>silua</span> <span class='ocrx_word' id='word_1_404' title='bbox 1188 2978 1203 3017; x_wconf 75' lang='grc'>1</span> <span class='ocrx_word' id='word_1_405' title='bbox 1218 2980 1385 3037; x_wconf 82' lang='lat' dir='ltr'>renationem</span> <span class='ocrx_word' id='word_1_406' title='bbox 1401 2994 1575 3046; x_wconf 75' lang='lat' dir='ltr'>exercerent</span> <span class='ocrx_word' id='word_1_407' title='bbox 1590 2986 1665 3044; x_wconf 81' lang='lat' dir='ltr'>lehre</span> <span class='ocrx_word' id='word_1_408' title='bbox 1678 2990 1765 3044; x_wconf 84' lang='lat' dir='ltr'>enrri-</span> 
     </span>
     <span class='ocr_line' id='line_1_31' title="bbox 142 3067 1812 3150; baseline 0.007 -24"><span class='ocrx_word' id='word_1_409' title='bbox 142 3085 239 3126; x_wconf 70' lang='lat' dir='ltr'>rcsas</span> <span class='ocrx_word' id='word_1_410' title='bbox 252 3085 314 3125; x_wconf 85' lang='lat' dir='ltr'>etam</span> <span class='ocrx_word' id='word_1_411' title='bbox 332 3069 360 3125; x_wconf 92' lang='lat' dir='ltr'>in</span> <span class='ocrx_word' id='word_1_412' title='bbox 380 3067 543 3126; x_wconf 69' lang='lat' dir='ltr'>Britanniam</span> <span class='ocrx_word' id='word_1_413' title='bbox 555 3068 654 3141; x_wconf 72' lang='lat' dir='ltr'>diripit.</span> <span class='ocrx_word' id='word_1_414' title='bbox 679 3069 732 3126; x_wconf 83' lang='lat' dir='ltr'>Soti</span> <span class='ocrx_word' id='word_1_415' title='bbox 747 3084 797 3126; x_wconf 88' lang='lat' dir='ltr'>one</span> <span class='ocrx_word' id='word_1_416' title='bbox 809 3070 854 3126; x_wconf 88' lang='lat' dir='ltr'>iile</span> <span class='ocrx_word' id='word_1_417' title='bbox 867 3084 932 3126; x_wconf 89' lang='lat' dir='ltr'>con·</span> <span class='ocrx_word' id='word_1_418' title='bbox 982 3070 1065 3140; x_wconf 86' lang='lat' dir='ltr'>pitur‚</span> <span class='ocrx_word' id='word_1_419' title='bbox 1081 3080 1107 3125; x_wconf 88' lang='lat' dir='ltr'>et</span> <span class='ocrx_word' id='word_1_420' title='bbox 1125 3070 1223 3126; x_wconf 86' lang='lat' dir='ltr'>erindo</span> <span class='ocrx_word' id='word_1_421' title='bbox 1236 3070 1431 3141; x_wconf 79' lang='lat' dir='ltr'>compendium</span> <span class='ocrx_word' id='word_1_422' title='bbox 1449 3073 1539 3129; x_wconf 80' lang='lat' dir='ltr'>silium</span> <span class='ocrx_word' id='word_1_423' title='bbox 1554 3076 1655 3133; x_wconf 85' lang='lat' dir='ltr'>rediit:</span> <span class='ocrx_word' id='word_1_424' title='bbox 1670 3079 1697 3134; x_wconf 91' lang='lat' dir='ltr'>io</span> <span class='ocrx_word' id='word_1_425' title='bbox 1711 3096 1764 3150; x_wconf 79' lang='lat' dir='ltr'>nun</span> <span class='ocrx_word' id='word_1_426' title='bbox 1808 3102 1812 3108; x_wconf 95' lang='lat'>·</span> 
     </span>
     <span class='ocr_line' id='line_1_32' title="bbox 142 3155 1762 3239; baseline 0.007 -23"><span class='ocrx_word' id='word_1_427' title='bbox 142 3168 184 3216; x_wconf 85' lang='lat' dir='ltr'>tra</span> <span class='ocrx_word' id='word_1_428' title='bbox 210 3172 313 3232; x_wconf 86' lang='lat' dir='ltr'>patrem</span> <span class='ocrx_word' id='word_1_429' title='bbox 338 3159 429 3232; x_wconf 70' lang='lat' dir='ltr'>egredi</span> <span class='ocrx_word' id='word_1_430' title='bbox 454 3160 552 3216; x_wconf 91' lang='lat' dir='ltr'>timuit.</span> <span class='ocrx_word' id='word_1_431' title='bbox 567 3159 686 3230; x_wconf 77' lang='lat' dir='ltr'>cumque</span> <span class='ocrx_word' id='word_1_432' title='bbox 710 3161 736 3216; x_wconf 92' lang='lat' dir='ltr'>ln</span> <span class='ocrx_word' id='word_1_433' title='bbox 760 3176 815 3217; x_wconf 92' lang='lat' dir='ltr'>nno</span> <span class='ocrx_word' id='word_1_434' title='bbox 837 3155 1044 3231; x_wconf 85' lang='lat' dir='ltr'>eampoconm</span> <span class='ocrx_word' id='word_1_435' title='bbox 1058 3160 1358 3233; x_wconf 69' lang='lat' dir='ltr'>graviterreraretnra</span> <span class='ocrx_word' id='word_1_436' title='bbox 1375 3162 1458 3231; x_wconf 82' lang='lat' dir='ltr'>lehre,</span> <span class='ocrx_word' id='word_1_437' title='bbox 1474 3163 1585 3225; x_wconf 83' lang='lat' dir='ltr'>aielrnt:</span> <span class='ocrx_word' id='word_1_438' title='bbox 1604 3167 1678 3224; x_wconf 76' lang='lat' dir='ltr'>ina!</span> <span class='ocrx_word' id='word_1_439' title='bbox 1694 3171 1762 3239; x_wconf 80' lang='lat' dir='ltr'>Quid</span> 
     </span>
     <span class='ocr_line' id='line_1_33' title="bbox 142 3249 1766 3326; baseline 0.004 -21"><span class='ocrx_word' id='word_1_440' title='bbox 142 3251 318 3322; x_wconf 67' lang='lat' dir='ltr'>mmhatns</span> <span class='ocrx_word' id='word_1_441' title='bbox 331 3260 444 3320; x_wconf 80' lang='lat' dir='ltr'>ntorqne</span> <span class='ocrx_word' id='word_1_442' title='bbox 465 3250 595 3306; x_wconf 78' lang='lat' dir='ltr'>resideret</span> <span class='ocrx_word' id='word_1_443' title='bbox 615 3251 763 3315; x_wconf 79' lang='lat' dir='ltr'>exercitos.</span> <span class='ocrx_word' id='word_1_444' title='bbox 777 3259 804 3307; x_wconf 89' lang='lat' dir='ltr'>et</span> <span class='ocrx_word' id='word_1_445' title='bbox 820 3249 932 3313; x_wconf 81' lang='lat' dir='ltr'>citram-</span> <span class='ocrx_word' id='word_1_446' title='bbox 983 3250 1097 3321; x_wconf 86' lang='lat' dir='ltr'>putatis,</span> <span class='ocrx_word' id='word_1_447' title='bbox 1109 3250 1196 3321; x_wconf 83' lang='lat' dir='ltr'>qualis</span> <span class='ocrx_word' id='word_1_448' title='bbox 1207 3260 1248 3307; x_wconf 85' lang='lat' dir='ltr'>est</span> <span class='ocrx_word' id='word_1_449' title='bbox 1263 3250 1308 3306; x_wconf 87' lang='lat' dir='ltr'>ille</span> <span class='ocrx_word' id='word_1_450' title='bbox 1322 3250 1377 3306; x_wconf 81' lang='lat' dir='ltr'>ileu</span> <span class='ocrx_word' id='word_1_451' title='bbox 1392 3252 1519 3322; x_wconf 70' lang='lat' dir='ltr'>celestis,</span> <span class='ocrx_word' id='word_1_452' title='bbox 1533 3255 1577 3326; x_wconf 79' lang='lat' dir='ltr'>nui</span> <span class='ocrx_word' id='word_1_453' title='bbox 1592 3258 1631 3314; x_wconf 83' lang='lat' dir='ltr'>sic</span> <span class='ocrx_word' id='word_1_454' title='bbox 1643 3267 1697 3315; x_wconf 83' lang='lat' dir='ltr'>tam</span> <span class='ocrx_word' id='word_1_455' title='bbox 1709 3276 1766 3316; x_wconf 75' lang='lat' dir='ltr'>nto-</span> 
     </span>
     <span class='ocr_line' id='line_1_34' title="bbox 142 3339 1767 3418; baseline 0.001 -19"><span class='ocrx_word' id='word_1_456' title='bbox 142 3357 193 3399; x_wconf 74' lang='lat' dir='ltr'>us</span> <span class='ocrx_word' id='word_1_457' title='bbox 205 3357 268 3399; x_wconf 81' lang='lat' dir='ltr'>nem</span> <span class='ocrx_word' id='word_1_458' title='bbox 279 3341 414 3398; x_wconf 73' lang='lat' dir='ltr'>Britannia</span> <span class='ocrx_word' id='word_1_459' title='bbox 423 3350 517 3398; x_wconf 86' lang='lat' dir='ltr'>eontra</span> <span class='ocrx_word' id='word_1_460' title='bbox 536 3351 637 3412; x_wconf 87' lang='lat' dir='ltr'>patrem</span> <span class='ocrx_word' id='word_1_461' title='bbox 650 3343 736 3399; x_wconf 82' lang='lat' dir='ltr'>aciem</span> <span class='ocrx_word' id='word_1_462' title='bbox 750 3343 931 3412; x_wconf 74' lang='lat' dir='ltr'>instruxisset,</span> <span class='ocrx_word' id='word_1_463' title='bbox 980 3354 1048 3412; x_wconf 62' lang='lat' dir='ltr'>enos</span> <span class='ocrx_word' id='word_1_464' title='bbox 1060 3353 1138 3409; x_wconf 66' lang='lat' dir='ltr'>teges</span> <span class='ocrx_word' id='word_1_465' title='bbox 1149 3339 1291 3394; x_wconf 81' lang='lat' dir='ltr'>liuteriieit!</span> <span class='ocrx_word' id='word_1_466' title='bbox 1301 3339 1330 3395; x_wconf 90' lang='lat' dir='ltr'>ln</span> <span class='ocrx_word' id='word_1_467' title='bbox 1344 3341 1395 3396; x_wconf 86' lang='lat' dir='ltr'>ltoe</span> <span class='ocrx_word' id='word_1_468' title='bbox 1408 3342 1479 3397; x_wconf 86' lang='lat' dir='ltr'>esim</span> <span class='ocrx_word' id='word_1_469' title='bbox 1491 3344 1571 3400; x_wconf 71' lang='lat' dir='ltr'>tandin</span> <span class='ocrx_word' id='word_1_470' title='bbox 1585 3348 1696 3417; x_wconf 85' lang='lat' dir='ltr'>positus,</span> <span class='ocrx_word' id='word_1_471' title='bbox 1709 3353 1767 3418; x_wconf 82' lang='lat' dir='ltr'>spi·</span> 
     </span>
     <span class='ocr_line' id='line_1_35' title="bbox 143 3430 1765 3510; baseline 0.004 -20"><span class='ocrx_word' id='word_1_472' title='bbox 143 3433 315 3491; x_wconf 68' lang='lat' dir='ltr'>mnsam</span> <span class='ocrx_word' id='word_1_473' title='bbox 330 3430 409 3489; x_wconf 80' lang='lat' dir='ltr'>noete</span> <span class='ocrx_word' id='word_1_474' title='bbox 423 3432 523 3489; x_wconf 80' lang='lat' dir='ltr'>altello</span> <span class='ocrx_word' id='word_1_475' title='bbox 546 3442 678 3489; x_wconf 83' lang='lat' dir='ltr'>cessatum</span> <span class='ocrx_word' id='word_1_476' title='bbox 693 3440 745 3489; x_wconf 86' lang='lat' dir='ltr'>ott.</span> <span class='ocrx_word' id='word_1_477' title='bbox 770 3432 806 3489; x_wconf 76' lang='lat' dir='ltr'>ca</span> <span class='ocrx_word' id='word_1_478' title='bbox 826 3448 933 3505; x_wconf 75' lang='lat' dir='ltr'>quoqne</span> <span class='ocrx_word' id='word_1_479' title='bbox 982 3431 1062 3487; x_wconf 90' lang='lat' dir='ltr'>ritum</span> <span class='ocrx_word' id='word_1_480' title='bbox 1082 3430 1226 3487; x_wconf 82' lang='lat' dir='ltr'>erhaiarit.</span> <span class='ocrx_word' id='word_1_481' title='bbox 1245 3431 1330 3498; x_wconf 83' lang='lat' dir='ltr'>Quem</span> <span class='ocrx_word' id='word_1_482' title='bbox 1344 3439 1457 3500; x_wconf 81' lang='lat' dir='ltr'>ntlatoor</span> <span class='ocrx_word' id='word_1_483' title='bbox 1477 3433 1524 3489; x_wconf 91' lang='lat' dir='ltr'>iiiii</span> <span class='ocrx_word' id='word_1_484' title='bbox 1537 3437 1578 3492; x_wconf 88' lang='lat' dir='ltr'>sni</span> <span class='ocrx_word' id='word_1_485' title='bbox 1591 3452 1652 3494; x_wconf 91' lang='lat' dir='ltr'>enm</span> <span class='ocrx_word' id='word_1_486' title='bbox 1668 3456 1765 3510; x_wconf 74' lang='lat' dir='ltr'>magno</span> 
     </span>
     <span class='ocr_line' id='line_1_36' title="bbox 144 3520 1767 3587; baseline 0.005 -9"><span class='ocrx_word' id='word_1_487' title='bbox 144 3533 222 3578; x_wconf 87' lang='lat' dir='ltr'>asete</span> <span class='ocrx_word' id='word_1_488' title='bbox 235 3521 380 3578; x_wconf 83' lang='lat' dir='ltr'>cltosolter</span> <span class='ocrx_word' id='word_1_489' title='bbox 392 3536 484 3580; x_wconf 87' lang='lat' dir='ltr'>oomet</span> <span class='ocrx_word' id='word_1_490' title='bbox 496 3523 683 3580; x_wconf 84' lang='lat' dir='ltr'>Britannorum</span> <span class='ocrx_word' id='word_1_491' title='bbox 696 3523 761 3580; x_wconf 85' lang='lat' dir='ltr'>tiioit</span> <span class='ocrx_word' id='word_1_492' title='bbox 773 3524 807 3579; x_wconf 91' lang='lat' dir='ltr'>ad</span> <span class='ocrx_word' id='word_1_493' title='bbox 821 3522 933 3580; x_wconf 87' lang='lat' dir='ltr'>citram-</span> <span class='ocrx_word' id='word_1_494' title='bbox 983 3521 1085 3576; x_wconf 88' lang='lat' dir='ltr'>ltonore</span> <span class='ocrx_word' id='word_1_495' title='bbox 1098 3520 1258 3577; x_wconf 74' lang='lat' dir='ltr'>Simonianae</span> <span class='ocrx_word' id='word_1_496' title='bbox 1270 3521 1438 3587; x_wconf 61' lang='lat' dir='ltr'>deluentes,</span> <span class='ocrx_word' id='word_1_497' title='bbox 1451 3526 1478 3580; x_wconf 91' lang='lat' dir='ltr'>itt</span> <span class='ocrx_word' id='word_1_498' title='bbox 1494 3526 1599 3583; x_wconf 74' lang='lat' dir='ltr'>basilios</span> <span class='ocrx_word' id='word_1_499' title='bbox 1615 3528 1684 3585; x_wconf 84' lang='lat' dir='ltr'>lreati</span> <span class='ocrx_word' id='word_1_500' title='bbox 1707 3531 1767 3586; x_wconf 71' lang='lat' dir='ltr'>Be·</span> 
     </span>
    </p>
   </div>
   <div class='ocr_carea' id='block_1_5' title="bbox 144 3611 1859 3686">
    <p class='ocr_par' dir='ltr' id='par_1_5' title="bbox 144 3611 1859 3686">
     <span class='ocr_line' id='line_1_37' title="bbox 144 3611 1859 3686; baseline 0.002 -16"><span class='ocrx_word' id='word_1_501' title='bbox 144 3630 206 3670; x_wconf 83' lang='lat' dir='ltr'>assu</span> <span class='ocrx_word' id='word_1_502' title='bbox 219 3631 228 3669; x_wconf 75' lang='lat' dir='ltr'>x</span> <span class='ocrx_word' id='word_1_503' title='bbox 244 3614 373 3685; x_wconf 75' lang='lat' dir='ltr'>injustum</span> <span class='ocrx_word' id='word_1_504' title='bbox 384 3629 482 3672; x_wconf 84' lang='lat' dir='ltr'>rooson</span> <span class='ocrx_word' id='word_1_505' title='bbox 492 3624 518 3672; x_wconf 94' lang='lat' dir='ltr'>te</span> <span class='ocrx_word' id='word_1_506' title='bbox 528 3625 622 3672; x_wconf 87' lang='lat' dir='ltr'>eontra</span> <span class='ocrx_word' id='word_1_507' title='bbox 633 3624 737 3686; x_wconf 86' lang='lat' dir='ltr'>patrem</span> <span class='ocrx_word' id='word_1_508' title='bbox 749 3625 822 3670; x_wconf 87' lang='lat' dir='ltr'>nram</span> <span class='ocrx_word' id='word_1_509' title='bbox 833 3615 933 3672; x_wconf 85' lang='lat' dir='ltr'>dehere</span> <span class='ocrx_word' id='word_1_510' title='bbox 981 3611 1058 3667; x_wconf 89' lang='lat' dir='ltr'>dardi</span> <span class='ocrx_word' id='word_1_511' title='bbox 1071 3611 1244 3680; x_wconf 81' lang='lat' dir='ltr'>sepelierunt.</span> <span class='ocrx_word' id='word_1_512' title='bbox 1265 3612 1340 3668; x_wconf 86' lang='lat' dir='ltr'>ilhiit</span> <span class='ocrx_word' id='word_1_513' title='bbox 1352 3621 1443 3669; x_wconf 85' lang='lat' dir='ltr'>autem</span> <span class='ocrx_word' id='word_1_514' title='bbox 1456 3625 1517 3685; x_wconf 84' lang='lat' dir='ltr'>post</span> <span class='ocrx_word' id='word_1_515' title='bbox 1529 3632 1610 3671; x_wconf 83' lang='lat' dir='ltr'>trenta</span> <span class='ocrx_word' id='word_1_516' title='bbox 1622 3617 1767 3674; x_wconf 77' lang='lat' dir='ltr'>decurren-</span> <span class='ocrx_word' id='word_1_517' title='bbox 1855 3646 1859 3652; x_wconf 90' lang='lat'>·</span> 
     </span>
    </p>
   </div>
   <div class='ocr_carea' id='block_1_6' title="bbox 144 3703 1768 3961">
    <p class='ocr_par' dir='ltr' id='par_1_6' title="bbox 144 3703 1768 3961">
     <span class='ocr_line' id='line_1_38' title="bbox 144 3703 1692 3795; baseline 0.003 -36"><span class='ocrx_word' id='word_1_518' title='bbox 144 3704 247 3775; x_wconf 66' lang='lat' dir='ltr'>egredi.</span> <span class='ocrx_word' id='word_1_519' title='bbox 271 3703 399 3762; x_wconf 79' lang='lat' dir='ltr'>Permine</span> <span class='ocrx_word' id='word_1_520' title='bbox 421 3720 466 3762; x_wconf 84' lang='lat' dir='ltr'>me</span> <span class='ocrx_word' id='word_1_521' title='bbox 484 3703 535 3762; x_wconf 82' lang='lat' dir='ltr'>hae</span> <span class='ocrx_word' id='word_1_522' title='bbox 561 3713 657 3772; x_wconf 85' lang='lat' dir='ltr'>noete,</span> <span class='ocrx_word' id='word_1_523' title='bbox 685 3714 714 3761; x_wconf 90' lang='lat' dir='ltr'>nt</span> <span class='ocrx_word' id='word_1_524' title='bbox 727 3705 828 3760; x_wconf 88' lang='lat' dir='ltr'>irmam</span> <span class='ocrx_word' id='word_1_525' title='bbox 851 3721 933 3774; x_wconf 82' lang='lat' dir='ltr'>anper</span> <span class='ocrx_word' id='word_1_526' title='bbox 982 3703 1018 3760; x_wconf 88' lang='lat' dir='ltr'>tis</span> <span class='ocrx_word' id='word_1_527' title='bbox 1031 3704 1095 3759; x_wconf 80' lang='lat' dir='ltr'>soni</span> <span class='ocrx_word' id='word_1_528' title='bbox 1108 3703 1189 3770; x_wconf 84' lang='lat' dir='ltr'>diem,</span> <span class='ocrx_word' id='word_1_529' title='bbox 1206 3718 1260 3775; x_wconf 76' lang='lat' dir='ltr'>qno</span> <span class='ocrx_word' id='word_1_530' title='bbox 1271 3703 1419 3761; x_wconf 78' lang='lat' dir='ltr'>chramnus</span> <span class='ocrx_word' id='word_1_531' title='bbox 1431 3705 1515 3761; x_wconf 87' lang='lat' dir='ltr'>inerat</span> <span class='ocrx_word' id='word_1_532' title='bbox 1529 3707 1692 3795; x_wconf 72' lang='lat' dir='ltr'>interiectus.</span> 
     </span>
     <span class='ocr_line' id='line_1_39' title="bbox 144 3793 1767 3867; baseline 0.003 -16"><span class='ocrx_word' id='word_1_533' title='bbox 144 3808 218 3862; x_wconf 75' lang='grc' dir='ltr'>ιι,</span> <span class='ocrx_word' id='word_1_534' title='bbox 232 3793 373 3865; x_wconf 60' lang='lat' dir='ltr'>wass</span> <span class='ocrx_word' id='word_1_535' title='bbox 385 3809 449 3851; x_wconf 83' lang='lat' dir='ltr'>rute</span> <span class='ocrx_word' id='word_1_536' title='bbox 460 3803 516 3852; x_wconf 89' lang='lat' dir='ltr'>toto</span> <span class='ocrx_word' id='word_1_537' title='bbox 528 3795 649 3852; x_wconf 79' lang='lat' dir='ltr'>exercitu</span> <span class='ocrx_word' id='word_1_538' title='bbox 664 3804 840 3866; x_wconf 87' lang='lat' dir='ltr'>prosternam.</span> <span class='ocrx_word' id='word_1_539' title='bbox 855 3794 932 3863; x_wconf 80' lang='lat' dir='ltr'>onon</span> <span class='ocrx_word' id='word_1_540' title='bbox 1020 3794 1103 3853; x_wconf 72' lang='lat' dir='ltr'>xiii.</span> <span class='ocrx_word' id='word_1_541' title='bbox 1116 3793 1284 3866; x_wconf 81' lang='lat' dir='ltr'>chilperious</span> <span class='ocrx_word' id='word_1_542' title='bbox 1305 3809 1369 3851; x_wconf 81' lang='lat' dir='ltr'>vero</span> <span class='ocrx_word' id='word_1_543' title='bbox 1384 3805 1445 3867; x_wconf 89' lang='lat' dir='ltr'>post</span> <span class='ocrx_word' id='word_1_544' title='bbox 1470 3797 1554 3867; x_wconf 88' lang='lat' dir='ltr'>patris</span> <span class='ocrx_word' id='word_1_545' title='bbox 1574 3798 1685 3864; x_wconf 86' lang='lat' dir='ltr'>lunera.</span> <span class='ocrx_word' id='word_1_546' title='bbox 1705 3799 1767 3856; x_wconf 89' lang='lat' dir='ltr'>the-</span> 
     </span>
     <span class='ocr_line' id='line_1_40' title="bbox 144 3885 1768 3961; baseline 0.004 -20"><span class='ocrx_word' id='word_1_547' title='bbox 144 3885 313 3953; x_wconf 56' lang='lat' dir='ltr'>chamas,</span> <span class='ocrx_word' id='word_1_548' title='bbox 328 3895 358 3941; x_wconf 88' lang='lat' dir='ltr'>tt</span> <span class='ocrx_word' id='word_1_549' title='bbox 379 3885 478 3952; x_wconf 84' lang='lat' dir='ltr'>eredo,</span> <span class='ocrx_word' id='word_1_550' title='bbox 501 3887 599 3943; x_wconf 81' lang='lat' dir='ltr'>virtute</span> <span class='ocrx_word' id='word_1_551' title='bbox 616 3885 664 3944; x_wconf 82' lang='lat' dir='ltr'>oet</span> <span class='ocrx_word' id='word_1_552' title='bbox 689 3894 855 3959; x_wconf 71' lang='lat' dir='ltr'>merentur,</span> <span class='ocrx_word' id='word_1_553' title='bbox 874 3886 932 3944; x_wconf 83' lang='lat' dir='ltr'>deri</span> <span class='ocrx_word' id='word_1_554' title='bbox 982 3886 1170 3955; x_wconf 81' lang='lat' dir='ltr'>ssarosnriia</span> <span class='ocrx_word' id='word_1_555' title='bbox 1190 3885 1254 3941; x_wconf 87' lang='lat' dir='ltr'>riila</span> <span class='ocrx_word' id='word_1_556' title='bbox 1266 3885 1396 3943; x_wconf 77' lang='lat' dir='ltr'>tinomao</span> <span class='ocrx_word' id='word_1_557' title='bbox 1412 3888 1421 3927; x_wconf 86' lang='lat'><strong>¹</strong></span> <span class='ocrx_word' id='word_1_558' title='bbox 1437 3895 1517 3943; x_wconf 90' lang='lat' dir='ltr'>erant</span> <span class='ocrx_word' id='word_1_559' title='bbox 1535 3891 1700 3961; x_wconf 64' lang='lat' dir='ltr'>cougregati,</span> <span class='ocrx_word' id='word_1_560' title='bbox 1720 3906 1768 3947; x_wconf 82' lang='lat' dir='ltr'>ae·</span> 
     </span>
    </p>
   </div>
   <div class='ocr_carea' id='block_1_7' title="bbox 145 3996 1791 5818">
    <p class='ocr_par' dir='ltr' id='par_1_7' title="bbox 145 3996 1791 5608">
     <span class='ocr_line' id='line_1_41' title="bbox 177 3996 1767 4081; baseline 0.001 -25"><span class='ocrx_word' id='word_1_561' title='bbox 177 4007 192 4037; x_wconf 78' lang='lat'>⁸</span> <span class='ocrx_word' id='word_1_562' title='bbox 210 3998 274 4056; x_wconf 66' lang='lat' dir='ltr'>liae</span> <span class='ocrx_word' id='word_1_563' title='bbox 296 4007 340 4056; x_wconf 87' lang='lat' dir='ltr'>est</span> <span class='ocrx_word' id='word_1_564' title='bbox 361 3999 468 4056; x_wconf 82' lang='lat' dir='ltr'>hantloa</span> <span class='ocrx_word' id='word_1_565' title='bbox 482 4000 512 4057; x_wconf 82' lang='lat' dir='ltr'>S.</span> <span class='ocrx_word' id='word_1_566' title='bbox 531 3999 654 4055; x_wconf 82' lang='lat' dir='ltr'>Germani</span> <span class='ocrx_word' id='word_1_567' title='bbox 668 4015 684 4055; x_wconf 90' lang='lat' dir='ltr'>a</span> <span class='ocrx_word' id='word_1_568' title='bbox 700 3998 933 4068; x_wconf 63' lang='lat' dir='ltr'>ontionemos</span> <span class='ocrx_word' id='word_1_569' title='bbox 981 3996 1131 4081; x_wconf 71' lang='lat' dir='ltr'>dejotdem</span> <span class='ocrx_word' id='word_1_570' title='bbox 1158 3998 1219 4054; x_wconf 83' lang='lat' dir='ltr'>iibri</span> <span class='ocrx_word' id='word_1_571' title='bbox 1236 4012 1275 4063; x_wconf 81' lang='lat' dir='ltr'>rr,</span> <span class='ocrx_word' id='word_1_572' title='bbox 1289 3998 1342 4054; x_wconf 87' lang='lat' dir='ltr'>eoi.</span> <span class='ocrx_word' id='word_1_573' title='bbox 1358 3999 1422 4067; x_wconf 85' lang='lat' dir='ltr'>tlt,</span> <span class='ocrx_word' id='word_1_574' title='bbox 1439 3999 1485 4054; x_wconf 90' lang='lat' dir='ltr'>iin.</span> <span class='ocrx_word' id='word_1_575' title='bbox 1499 3999 1549 4065; x_wconf 75' lang='lat'>2⁰.</span> <span class='ocrx_word' id='word_1_576' title='bbox 1565 4016 1614 4071; x_wconf 94' lang='lat' dir='ltr'>pro</span> <span class='ocrx_word' id='word_1_577' title='bbox 1627 4001 1767 4058; x_wconf 67' lang='lat' dir='ltr'>currens</span> 
     </span>
     <span class='ocr_line' id='line_1_42' title="bbox 145 4064 1763 4148; baseline 0.002 -24"><span class='ocrx_word' id='word_1_578' title='bbox 145 4085 194 4135; x_wconf 74' lang='lat' dir='ltr'>nn</span> <span class='ocrx_word' id='word_1_579' title='bbox 208 4084 291 4137; x_wconf 83' lang='lat' dir='ltr'>snpra</span> <span class='ocrx_word' id='word_1_580' title='bbox 303 4071 337 4126; x_wconf 86' lang='lat' dir='ltr'>sd</span> <span class='ocrx_word' id='word_1_581' title='bbox 356 4085 417 4140; x_wconf 84' lang='lat' dir='ltr'>etp.</span> <span class='ocrx_word' id='word_1_582' title='bbox 435 4071 470 4125; x_wconf 83' lang='lat' dir='ltr'>tn</span> <span class='ocrx_word' id='word_1_583' title='bbox 481 4070 528 4126; x_wconf 89' lang='lat' dir='ltr'>lih.</span> <span class='ocrx_word' id='word_1_584' title='bbox 544 4085 591 4135; x_wconf 90' lang='grc' dir='ltr'><strong>ιιι,</strong></span> <span class='ocrx_word' id='word_1_585' title='bbox 601 4070 647 4125; x_wconf 86' lang='lat' dir='ltr'>uhi</span> <span class='ocrx_word' id='word_1_586' title='bbox 662 4070 689 4125; x_wconf 92' lang='lat' dir='ltr'>in</span> <span class='ocrx_word' id='word_1_587' title='bbox 702 4070 792 4126; x_wconf 90' lang='lat' dir='ltr'>medio</span> <span class='ocrx_word' id='word_1_588' title='bbox 804 4068 879 4126; x_wconf 82' lang='lat' dir='ltr'>nitori</span> <span class='ocrx_word' id='word_1_589' title='bbox 894 4070 933 4127; x_wconf 85' lang='lat' dir='ltr'>ui-</span> <span class='ocrx_word' id='word_1_590' title='bbox 983 4067 1079 4148; x_wconf 66' lang='lat' dir='ltr'>legitur</span> <span class='ocrx_word' id='word_1_591' title='bbox 1092 4067 1118 4147; x_wconf 87' lang='lat' dir='ltr'>in</span> <span class='ocrx_word' id='word_1_592' title='bbox 1132 4069 1228 4124; x_wconf 85' lang='lat' dir='ltr'>endem</span> <span class='ocrx_word' id='word_1_593' title='bbox 1240 4064 1334 4135; x_wconf 67' lang='lat' dir='ltr'>curli„</span> <span class='ocrx_word' id='word_1_594' title='bbox 1351 4066 1507 4135; x_wconf 76' lang='lat' dir='ltr'>consonae,</span> <span class='ocrx_word' id='word_1_595' title='bbox 1525 4070 1677 4143; x_wconf 75' lang='lat' dir='ltr'>quanquam</span> <span class='ocrx_word' id='word_1_596' title='bbox 1691 4071 1763 4128; x_wconf 88' lang='lat' dir='ltr'>idum</span> 
     </span>
     <span class='ocr_line' id='line_1_43' title="bbox 145 4136 1284 4210; baseline -0.002 -14"><span class='ocrx_word' id='word_1_597' title='bbox 145 4143 210 4196; x_wconf 85' lang='lat' dir='ltr'>ritas</span> <span class='ocrx_word' id='word_1_598' title='bbox 223 4142 305 4196; x_wconf 79' lang='lat' dir='ltr'>etiam</span> <span class='ocrx_word' id='word_1_599' title='bbox 328 4155 399 4196; x_wconf 88' lang='lat' dir='ltr'>auae</span> <span class='ocrx_word' id='word_1_600' title='bbox 415 4138 579 4195; x_wconf 76' lang='lat' dir='ltr'>childeberti</span> <span class='ocrx_word' id='word_1_601' title='bbox 607 4140 677 4210; x_wconf 65' lang='lat' dir='ltr'>regis</span> <span class='ocrx_word' id='word_1_602' title='bbox 698 4138 869 4209; x_wconf 84' lang='lat' dir='ltr'>sepulerum,</span> <span class='ocrx_word' id='word_1_603' title='bbox 892 4148 933 4196; x_wconf 91' lang='lat' dir='ltr'>ta·</span> <span class='ocrx_word' id='word_1_604' title='bbox 981 4136 1284 4194; x_wconf 75' lang='lat' dir='ltr'>atnantonoclmao.</span> 
     </span>
     <span class='ocr_line' id='line_1_44' title="bbox 147 4202 1767 4282; baseline 0.002 -17"><span class='ocrx_word' id='word_1_605' title='bbox 147 4209 224 4266; x_wconf 87' lang='lat' dir='ltr'>taetsi</span> <span class='ocrx_word' id='word_1_606' title='bbox 238 4226 291 4264; x_wconf 84' lang='lat' dir='ltr'>son</span> <span class='ocrx_word' id='word_1_607' title='bbox 304 4209 574 4277; x_wconf 73' lang='lat' dir='ltr'>tantaeaatinoitatis.</span> <span class='ocrx_word' id='word_1_608' title='bbox 600 4210 664 4282; x_wconf 77' lang='lat' dir='ltr'>cine</span> <span class='ocrx_word' id='word_1_609' title='bbox 678 4208 810 4279; x_wconf 84' lang='lat' dir='ltr'>depositio</span> <span class='ocrx_word' id='word_1_610' title='bbox 834 4211 862 4265; x_wconf 91' lang='lat' dir='ltr'>in</span> <span class='ocrx_word' id='word_1_611' title='bbox 884 4223 932 4264; x_wconf 89' lang='lat' dir='ltr'>au·</span> <span class='ocrx_word' id='word_1_612' title='bbox 1019 4202 1033 4245; x_wconf 77' lang='grc'>1</span> <span class='ocrx_word' id='word_1_613' title='bbox 1052 4206 1135 4262; x_wconf 88' lang='lat' dir='ltr'>cnrlt.</span> <span class='ocrx_word' id='word_1_614' title='bbox 1149 4215 1178 4261; x_wconf 92' lang='lat' dir='ltr'>et</span> <span class='ocrx_word' id='word_1_615' title='bbox 1189 4207 1269 4271; x_wconf 72' lang='lat' dir='ltr'>nott..</span> <span class='ocrx_word' id='word_1_616' title='bbox 1286 4205 1479 4262; x_wconf 78' lang='lat' dir='ltr'>Willioslorlas</span> <span class='ocrx_word' id='word_1_617' title='bbox 1491 4220 1575 4263; x_wconf 78' lang='lat' dir='ltr'>satem</span> <span class='ocrx_word' id='word_1_618' title='bbox 1590 4210 1710 4267; x_wconf 79' lang='lat' dir='ltr'>sacerdos</span> <span class='ocrx_word' id='word_1_619' title='bbox 1720 4213 1767 4270; x_wconf 85' lang='lat' dir='ltr'>nd.</span> 
     </span>
     <span class='ocr_line' id='line_1_45' title="bbox 146 4274 1675 4351; baseline -0.003 -13"><span class='ocrx_word' id='word_1_620' title='bbox 146 4277 279 4348; x_wconf 66' lang='grc' dir='ltr'><strong>ιιικηιδο</strong></span> <span class='ocrx_word' id='word_1_621' title='bbox 295 4278 410 4337; x_wconf 87' lang='lat' dir='ltr'>ilsuardi</span> <span class='ocrx_word' id='word_1_622' title='bbox 436 4278 625 4351; x_wconf 68' lang='lat' dir='ltr'>tanymtouio</span> <span class='ocrx_word' id='word_1_623' title='bbox 649 4279 694 4335; x_wconf 84' lang='lat' dir='ltr'>alie</span> <span class='ocrx_word' id='word_1_624' title='bbox 717 4279 754 4335; x_wconf 77' lang='lat' dir='ltr'>ao</span> <span class='ocrx_word' id='word_1_625' title='bbox 777 4278 932 4336; x_wconf 78' lang='lat' dir='ltr'>lieoemltris</span> <span class='ocrx_word' id='word_1_626' title='bbox 982 4274 1064 4335; x_wconf 83' lang='lat' dir='ltr'>coria.</span> <span class='ocrx_word' id='word_1_627' title='bbox 1081 4286 1108 4333; x_wconf 87' lang='lat' dir='ltr'>et</span> <span class='ocrx_word' id='word_1_628' title='bbox 1121 4277 1222 4346; x_wconf 80' lang='lat' dir='ltr'>aliquot</span> <span class='ocrx_word' id='word_1_629' title='bbox 1239 4276 1320 4341; x_wconf 82' lang='lat' dir='ltr'>editi,</span> <span class='ocrx_word' id='word_1_630' title='bbox 1337 4275 1525 4339; x_wconf 80' lang='lat' dir='ltr'>Witiielrorias,</span> <span class='ocrx_word' id='word_1_631' title='bbox 1543 4287 1572 4331; x_wconf 94' lang='lat' dir='ltr'>nt</span> <span class='ocrx_word' id='word_1_632' title='bbox 1585 4292 1675 4342; x_wconf 78' lang='lat' dir='ltr'>supro.</span> 
     </span>
     <span class='ocr_line' id='line_1_46' title="bbox 146 4340 1694 4421; baseline -0.001 -16"><span class='ocrx_word' id='word_1_633' title='bbox 146 4340 327 4421; x_wconf 54' lang='lat' dir='ltr'>aanor,</span> <span class='ocrx_word' id='word_1_634' title='bbox 347 4364 402 4420; x_wconf 77' lang='lat' dir='ltr'>nno</span> <span class='ocrx_word' id='word_1_635' title='bbox 419 4348 590 4419; x_wconf 65' lang='lat' dir='ltr'>dissimulis</span> <span class='ocrx_word' id='word_1_636' title='bbox 603 4347 681 4404; x_wconf 89' lang='lat' dir='ltr'>annis</span> <span class='ocrx_word' id='word_1_637' title='bbox 703 4347 762 4418; x_wconf 78' lang='lat' dir='ltr'>ejus</span> <span class='ocrx_word' id='word_1_638' title='bbox 775 4350 931 4405; x_wconf 76' lang='lat' dir='ltr'>anniversa·</span> <span class='ocrx_word' id='word_1_639' title='bbox 1019 4356 1034 4386; x_wconf 74' lang='lat'><em>⁶</em></span> <span class='ocrx_word' id='word_1_640' title='bbox 1054 4346 1132 4411; x_wconf 80' lang='lat' dir='ltr'>ont..</span> <span class='ocrx_word' id='word_1_641' title='bbox 1148 4344 1368 4420; x_wconf 67' lang='lat' dir='ltr'>conjecisset...</span> <span class='ocrx_word' id='word_1_642' title='bbox 1385 4345 1553 4401; x_wconf 75' lang='lat' dir='ltr'>cononicam</span> <span class='ocrx_word' id='word_1_643' title='bbox 1566 4363 1694 4418; x_wconf 77' lang='lat' dir='ltr'>sampson.</span> 
     </span>
     <span class='ocr_line' id='line_1_47' title="bbox 148 4413 1767 4488; baseline 0.001 -14"><span class='ocrx_word' id='word_1_644' title='bbox 148 4421 218 4474; x_wconf 71' lang='lat' dir='ltr'>ris·</span> <span class='ocrx_word' id='word_1_645' title='bbox 230 4434 293 4475; x_wconf 83' lang='lat' dir='ltr'>rara</span> <span class='ocrx_word' id='word_1_646' title='bbox 305 4416 421 4476; x_wconf 82' lang='lat' dir='ltr'>solemni</span> <span class='ocrx_word' id='word_1_647' title='bbox 445 4432 544 4488; x_wconf 81' lang='lat' dir='ltr'>portupa</span> <span class='ocrx_word' id='word_1_648' title='bbox 563 4420 643 4473; x_wconf 87' lang='lat' dir='ltr'>etiarn</span> <span class='ocrx_word' id='word_1_649' title='bbox 664 4432 735 4473; x_wconf 87' lang='lat' dir='ltr'>otrato</span> <span class='ocrx_word' id='word_1_650' title='bbox 754 4418 930 4475; x_wconf 86' lang='lat' dir='ltr'>eelehramus.</span> <span class='ocrx_word' id='word_1_651' title='bbox 1019 4413 1031 4457; x_wconf 84' lang='grc'>1</span> <span class='ocrx_word' id='word_1_652' title='bbox 1052 4416 1117 4486; x_wconf 82' lang='lat' dir='ltr'>tilii,</span> <span class='ocrx_word' id='word_1_653' title='bbox 1129 4416 1496 4487; x_wconf 69' lang='lat' dir='ltr'>insistitque...poapercnlae.</span> <span class='ocrx_word' id='word_1_654' title='bbox 1511 4416 1608 4471; x_wconf 68' lang='lat' dir='ltr'>larino</span> <span class='ocrx_word' id='word_1_655' title='bbox 1622 4418 1656 4473; x_wconf 85' lang='lat' dir='ltr'>nd</span> <span class='ocrx_word' id='word_1_656' title='bbox 1668 4436 1767 4475; x_wconf 86' lang='lat' dir='ltr'>annom</span> 
     </span>
     <span class='ocr_line' id='line_1_48' title="bbox 148 4484 1765 4576; baseline -0.001 -34"><span class='ocrx_word' id='word_1_657' title='bbox 148 4504 161 4543; x_wconf 93' lang='lat' dir='ltr'>s</span> <span class='ocrx_word' id='word_1_658' title='bbox 180 4487 241 4542; x_wconf 65' lang='lat' dir='ltr'>usna</span> <span class='ocrx_word' id='word_1_659' title='bbox 255 4487 333 4545; x_wconf 86' lang='lat' dir='ltr'>laeile</span> <span class='ocrx_word' id='word_1_660' title='bbox 346 4489 479 4559; x_wconf 87' lang='lat' dir='ltr'>reperias.</span> <span class='ocrx_word' id='word_1_661' title='bbox 500 4486 585 4556; x_wconf 79' lang='lat' dir='ltr'>innuit</span> <span class='ocrx_word' id='word_1_662' title='bbox 596 4484 735 4552; x_wconf 72' lang='lat' dir='ltr'>Valesius,</span> <span class='ocrx_word' id='word_1_663' title='bbox 756 4487 803 4545; x_wconf 85' lang='lat' dir='ltr'>iil).</span> <span class='ocrx_word' id='word_1_664' title='bbox 818 4501 865 4543; x_wconf 88' lang='lat' dir='ltr'>rnt</span> <span class='ocrx_word' id='word_1_665' title='bbox 878 4488 931 4542; x_wconf 74' lang='lat' dir='ltr'>llo-</span> <span class='ocrx_word' id='word_1_666' title='bbox 947 4484 1036 4576; x_wconf 62' lang='lat' dir='ltr'>„ccii</span> <span class='ocrx_word' id='word_1_667' title='bbox 1049 4486 1131 4543; x_wconf 84' lang='lat' dir='ltr'>relert</span> <span class='ocrx_word' id='word_1_668' title='bbox 1144 4501 1205 4541; x_wconf 84' lang='lat' dir='ltr'>eunt</span> <span class='ocrx_word' id='word_1_669' title='bbox 1226 4502 1284 4540; x_wconf 80' lang='lat' dir='ltr'>ram</span> <span class='ocrx_word' id='word_1_670' title='bbox 1303 4501 1382 4539; x_wconf 77' lang='lat' dir='ltr'>arare</span> <span class='ocrx_word' id='word_1_671' title='bbox 1399 4495 1423 4539; x_wconf 89' lang='lat' dir='ltr'>et</span> <span class='ocrx_word' id='word_1_672' title='bbox 1437 4487 1500 4552; x_wconf 69' lang='lat' dir='ltr'>filiis</span> <span class='ocrx_word' id='word_1_673' title='bbox 1513 4498 1659 4541; x_wconf 80' lang='lat' dir='ltr'>ert-mannan</span> <span class='ocrx_word' id='word_1_674' title='bbox 1674 4488 1765 4544; x_wconf 67' lang='lat' dir='ltr'>lause.</span> 
     </span>
     <span class='ocr_line' id='line_1_49' title="bbox 147 4553 1767 4627; baseline -0.001 -12"><span class='ocrx_word' id='word_1_675' title='bbox 147 4556 546 4627; x_wconf 67' lang='lat' dir='ltr'>minaeis.,ra1ns·pietas</span> <span class='ocrx_word' id='word_1_676' title='bbox 565 4564 595 4613; x_wconf 89' lang='lat' dir='ltr'>et</span> <span class='ocrx_word' id='word_1_677' title='bbox 616 4556 651 4613; x_wconf 87' lang='lat' dir='ltr'>de</span> <span class='ocrx_word' id='word_1_678' title='bbox 669 4558 782 4613; x_wconf 90' lang='lat' dir='ltr'>summis</span> <span class='ocrx_word' id='word_1_679' title='bbox 806 4558 933 4614; x_wconf 78' lang='lat' dir='ltr'>coelesiae</span> <span class='ocrx_word' id='word_1_680' title='bbox 1018 4564 1033 4604; x_wconf 79' lang='lat'>⁸</span> <span class='ocrx_word' id='word_1_681' title='bbox 1050 4556 1156 4612; x_wconf 89' lang='lat' dir='ltr'>itineris</span> <span class='ocrx_word' id='word_1_682' title='bbox 1169 4569 1258 4610; x_wconf 83' lang='lat' dir='ltr'>mutes</span> <span class='ocrx_word' id='word_1_683' title='bbox 1274 4553 1323 4608; x_wconf 90' lang='lat' dir='ltr'>init</span> <span class='ocrx_word' id='word_1_684' title='bbox 1335 4554 1427 4610; x_wconf 88' lang='lat' dir='ltr'>heatns</span> <span class='ocrx_word' id='word_1_685' title='bbox 1441 4554 1589 4611; x_wconf 81' lang='lat' dir='ltr'>Germanos</span> <span class='ocrx_word' id='word_1_686' title='bbox 1604 4556 1767 4613; x_wconf 77' lang='lat' dir='ltr'>l&#39;arisiornm</span> 
     </span>
     <span class='ocr_line' id='line_1_50' title="bbox 149 4624 1768 4700; baseline 0 -16"><span class='ocrx_word' id='word_1_687' title='bbox 149 4627 229 4684; x_wconf 68' lang='lat' dir='ltr'>tetus</span> <span class='ocrx_word' id='word_1_688' title='bbox 241 4626 392 4685; x_wconf 78' lang='lat' dir='ltr'>sollicitudo</span> <span class='ocrx_word' id='word_1_689' title='bbox 404 4627 497 4684; x_wconf 81' lang='lat' dir='ltr'>stultis</span> <span class='ocrx_word' id='word_1_690' title='bbox 509 4635 539 4683; x_wconf 91' lang='lat' dir='ltr'>et</span> <span class='ocrx_word' id='word_1_691' title='bbox 556 4626 661 4700; x_wconf 67' lang='lat' dir='ltr'>napoh</span> <span class='ocrx_word' id='word_1_692' title='bbox 671 4626 864 4697; x_wconf 81' lang='lat' dir='ltr'>experimentis</span> <span class='ocrx_word' id='word_1_693' title='bbox 880 4635 933 4682; x_wconf 84' lang='lat' dir='ltr'>tea·</span> <span class='ocrx_word' id='word_1_694' title='bbox 983 4624 1136 4695; x_wconf 82' lang='lat' dir='ltr'>episeopus,</span> <span class='ocrx_word' id='word_1_695' title='bbox 1150 4627 1194 4695; x_wconf 78' lang='lat' dir='ltr'>qni</span> <span class='ocrx_word' id='word_1_696' title='bbox 1209 4638 1241 4679; x_wconf 87' lang='lat' dir='ltr'>ea</span> <span class='ocrx_word' id='word_1_697' title='bbox 1255 4624 1396 4679; x_wconf 70' lang='lat' dir='ltr'>meatim</span> <span class='ocrx_word' id='word_1_698' title='bbox 1409 4624 1530 4680; x_wconf 76' lang='lat' dir='ltr'>rreum</span> <span class='ocrx_word' id='word_1_699' title='bbox 1543 4625 1669 4694; x_wconf 79' lang='lat' dir='ltr'>perrexit.</span> <span class='ocrx_word' id='word_1_700' title='bbox 1687 4627 1768 4684; x_wconf 66' lang='lat' dir='ltr'>lia-le</span> 
     </span>
     <span class='ocr_line' id='line_1_51' title="bbox 148 4693 1757 4767; baseline 0.001 -14"><span class='ocrx_word' id='word_1_701' title='bbox 148 4700 232 4754; x_wconf 77' lang='lat' dir='ltr'>latior</span> <span class='ocrx_word' id='word_1_702' title='bbox 252 4695 318 4762; x_wconf 83' lang='lat' dir='ltr'>tun,</span> <span class='ocrx_word' id='word_1_703' title='bbox 333 4712 414 4767; x_wconf 80' lang='lat' dir='ltr'>naam</span> <span class='ocrx_word' id='word_1_704' title='bbox 427 4695 602 4753; x_wconf 74' lang='lat' dir='ltr'>childeberti.</span> <span class='ocrx_word' id='word_1_705' title='bbox 621 4715 631 4751; x_wconf 86' lang='grc' dir='ltr'><strong>ι</strong></span> <span class='ocrx_word' id='word_1_706' title='bbox 647 4697 675 4752; x_wconf 90' lang='lat' dir='ltr'>id</span> <span class='ocrx_word' id='word_1_707' title='bbox 690 4696 802 4764; x_wconf 87' lang='lat' dir='ltr'>prohant</span> <span class='ocrx_word' id='word_1_708' title='bbox 815 4698 873 4753; x_wconf 84' lang='lat' dir='ltr'>lona</span> <span class='ocrx_word' id='word_1_709' title='bbox 887 4710 933 4752; x_wconf 89' lang='lat' dir='ltr'>sa·</span> <span class='ocrx_word' id='word_1_710' title='bbox 983 4694 1065 4767; x_wconf 61' lang='lat' dir='ltr'>pondi</span> <span class='ocrx_word' id='word_1_711' title='bbox 1080 4709 1128 4765; x_wconf 87' lang='lat' dir='ltr'>pro</span> <span class='ocrx_word' id='word_1_712' title='bbox 1141 4709 1202 4764; x_wconf 69' lang='lat' dir='ltr'>repe</span> <span class='ocrx_word' id='word_1_713' title='bbox 1216 4693 1322 4748; x_wconf 87' lang='lat' dir='ltr'>reniam</span> <span class='ocrx_word' id='word_1_714' title='bbox 1337 4693 1478 4761; x_wconf 86' lang='lat' dir='ltr'>petiturus,</span> <span class='ocrx_word' id='word_1_715' title='bbox 1492 4702 1521 4749; x_wconf 87' lang='lat' dir='ltr'>nt</span> <span class='ocrx_word' id='word_1_716' title='bbox 1534 4707 1625 4750; x_wconf 87' lang='lat' dir='ltr'>narrat</span> <span class='ocrx_word' id='word_1_717' title='bbox 1639 4697 1757 4754; x_wconf 78' lang='lat' dir='ltr'>nannoni</span> 
     </span>
     <span class='ocr_line' id='line_1_52' title="bbox 147 4761 1768 4903; baseline 0.001 -10"><span class='ocrx_word' id='word_1_718' title='bbox 147 4766 933 4903; x_wconf 50' lang='lat' dir='ltr'>taetri·‘iiiltthnt&#39;tiininliniri</span> <span class='ocrx_word' id='word_1_719' title='bbox 983 4761 1768 4895; x_wconf 49' lang='grc'>1111111111·1111111111111·</span> 
     </span>
     <span class='ocr_line' id='line_1_53' title="bbox 149 4852 1791 4977; baseline -0.003 -16"><span class='ocrx_word' id='word_1_720' title='bbox 149 4904 330 4962; x_wconf 65' lang='lat' dir='ltr'>monnone</span> <span class='ocrx_word' id='word_1_721' title='bbox 338 4852 526 4977; x_wconf 47' lang='lat' dir='ltr'>:altorumque</span> <span class='ocrx_word' id='word_1_722' title='bbox 535 4905 720 4977; x_wconf 76' lang='lat' dir='ltr'>episcoporum</span> <span class='ocrx_word' id='word_1_723' title='bbox 733 4921 748 4961; x_wconf 92' lang='lat' dir='ltr'>e</span> <span class='ocrx_word' id='word_1_724' title='bbox 768 4906 869 4973; x_wconf 70' lang='lat' dir='ltr'>stole,</span> <span class='ocrx_word' id='word_1_725' title='bbox 880 4920 934 4962; x_wconf 93' lang='lat' dir='ltr'>om·</span> <span class='ocrx_word' id='word_1_726' title='bbox 983 4917 1043 4972; x_wconf 81' lang='lat' dir='ltr'>sap.</span> <span class='ocrx_word' id='word_1_727' title='bbox 1059 4902 1105 4965; x_wconf 75' lang='lat' dir='ltr'>il.</span> <span class='ocrx_word' id='word_1_728' title='bbox 1760 4880 1770 4905; x_wconf 80' lang='lat'>&#39;</span> <span class='ocrx_word' id='word_1_729' title='bbox 1787 4957 1791 4963; x_wconf 82' lang='grc'>,</span> 
     </span>
     <span class='ocr_line' id='line_1_54' title="bbox 149 4921 1770 5055; baseline -0.001 -23"><span class='ocrx_word' id='word_1_730' title='bbox 149 4977 223 5032; x_wconf 78' lang='lat' dir='ltr'>triste</span> <span class='ocrx_word' id='word_1_731' title='bbox 236 4975 321 5032; x_wconf 75' lang='lat' dir='ltr'>ierne</span> <span class='ocrx_word' id='word_1_732' title='bbox 338 4997 348 5023; x_wconf 75' lang='lat' dir='ltr'><em>o</em></span> <span class='ocrx_word' id='word_1_733' title='bbox 366 4991 398 5031; x_wconf 88' lang='lat' dir='ltr'>ns</span> <span class='ocrx_word' id='word_1_734' title='bbox 410 4973 461 5031; x_wconf 76' lang='lat' dir='ltr'>eri</span> <span class='ocrx_word' id='word_1_735' title='bbox 475 4988 612 5031; x_wconf 89' lang='lat' dir='ltr'>suetorum</span> <span class='ocrx_word' id='word_1_736' title='bbox 628 4921 788 5031; x_wconf 64' lang='lat' dir='ltr'>testimonii.</span> <span class='ocrx_word' id='word_1_737' title='bbox 803 4977 844 5031; x_wconf 91' lang='lat' dir='ltr'>on</span> <span class='ocrx_word' id='word_1_738' title='bbox 856 4990 931 5030; x_wconf 86' lang='lat' dir='ltr'>susm</span> <span class='ocrx_word' id='word_1_739' title='bbox 1021 4970 1037 5014; x_wconf 82' lang='grc'>1</span> <span class='ocrx_word' id='word_1_740' title='bbox 1057 4973 1143 5029; x_wconf 79' lang='lat' dir='ltr'>ctiam</span> <span class='ocrx_word' id='word_1_741' title='bbox 1156 4987 1239 5055; x_wconf 42' lang='lat' dir='ltr'>none·</span> <span class='ocrx_word' id='word_1_742' title='bbox 1248 4986 1344 5029; x_wconf 88' lang='lat' dir='ltr'>nomen</span> <span class='ocrx_word' id='word_1_743' title='bbox 1357 4973 1475 5040; x_wconf 79' lang='lat' dir='ltr'>retinet,</span> <span class='ocrx_word' id='word_1_744' title='bbox 1499 4974 1525 5028; x_wconf 87' lang='lat' dir='ltr'>la</span> <span class='ocrx_word' id='word_1_745' title='bbox 1544 4975 1614 5046; x_wconf 75' lang='lat' dir='ltr'>{oret</span> <span class='ocrx_word' id='word_1_746' title='bbox 1631 4977 1663 5030; x_wconf 84' lang='lat' dir='ltr'>tis</span> <span class='ocrx_word' id='word_1_747' title='bbox 1685 4973 1770 5043; x_wconf 77' lang='lat' dir='ltr'>ctise,</span> 
     </span>
     <span class='ocr_line' id='line_1_55' title="bbox 145 5040 1771 5117; baseline -0.001 -17"><span class='ocrx_word' id='word_1_748' title='bbox 145 5042 176 5100; x_wconf 81' lang='lat' dir='ltr'>la</span> <span class='ocrx_word' id='word_1_749' title='bbox 187 5046 291 5102; x_wconf 68' lang='lat' dir='ltr'>emam</span> <span class='ocrx_word' id='word_1_750' title='bbox 336 5048 341 5059; x_wconf 84' lang='lat'>&#39;</span> <span class='ocrx_word' id='word_1_751' title='bbox 370 5059 433 5101; x_wconf 87' lang='lat' dir='ltr'>aum</span> <span class='ocrx_word' id='word_1_752' title='bbox 460 5045 600 5117; x_wconf 71' lang='lat' dir='ltr'>pietatetm</span> <span class='ocrx_word' id='word_1_753' title='bbox 622 5059 669 5100; x_wconf 74' lang='lat' dir='ltr'>retr</span> <span class='ocrx_word' id='word_1_754' title='bbox 681 5056 758 5116; x_wconf 73' lang='lat' dir='ltr'>utque</span> <span class='ocrx_word' id='word_1_755' title='bbox 780 5045 899 5101; x_wconf 74' lang='lat' dir='ltr'>sacerdos</span> <span class='ocrx_word' id='word_1_756' title='bbox 917 5058 933 5098; x_wconf 88' lang='lat' dir='ltr'>a</span> <span class='ocrx_word' id='word_1_757' title='bbox 985 5040 1155 5113; x_wconf 86' lang='lat' dir='ltr'>compendio</span> <span class='ocrx_word' id='word_1_758' title='bbox 1165 5056 1296 5112; x_wconf 87' lang='lat' dir='ltr'>prornna.</span> <span class='ocrx_word' id='word_1_759' title='bbox 1310 5043 1433 5101; x_wconf 86' lang='lat' dir='ltr'>cointins</span> <span class='ocrx_word' id='word_1_760' title='bbox 1447 5045 1565 5114; x_wconf 84' lang='lat' dir='ltr'>ptnrihoa</span> <span class='ocrx_word' id='word_1_761' title='bbox 1582 5045 1676 5112; x_wconf 84' lang='lat' dir='ltr'>prohat</span> <span class='ocrx_word' id='word_1_762' title='bbox 1691 5045 1771 5099; x_wconf 89' lang='lat' dir='ltr'>chlo-</span> 
     </span>
     <span class='ocr_line' id='line_1_56' title="bbox 149 5110 1769 5186; baseline -0.001 -16"><span class='ocrx_word' id='word_1_763' title='bbox 149 5110 298 5170; x_wconf 69' lang='lat' dir='ltr'>!nrtssato</span> <span class='ocrx_word' id='word_1_764' title='bbox 317 5130 332 5169; x_wconf 93' lang='lat' dir='ltr'>a</span> <span class='ocrx_word' id='word_1_765' title='bbox 363 5117 477 5181; x_wconf 74' lang='lat' dir='ltr'>tellator,</span> <span class='ocrx_word' id='word_1_766' title='bbox 500 5115 545 5186; x_wconf 75' lang='lat' dir='ltr'>ni</span> <span class='ocrx_word' id='word_1_767' title='bbox 565 5125 592 5170; x_wconf 89' lang='lat' dir='ltr'>et</span> <span class='ocrx_word' id='word_1_768' title='bbox 613 5130 674 5170; x_wconf 87' lang='lat' dir='ltr'>enm</span> <span class='ocrx_word' id='word_1_769' title='bbox 689 5117 802 5181; x_wconf 76' lang='lat' dir='ltr'>passim,</span> <span class='ocrx_word' id='word_1_770' title='bbox 829 5123 884 5170; x_wconf 83' lang='lat' dir='ltr'>tum</span> <span class='ocrx_word' id='word_1_771' title='bbox 907 5114 933 5167; x_wconf 91' lang='lat' dir='ltr'>io</span> <span class='ocrx_word' id='word_1_772' title='bbox 987 5118 1083 5169; x_wconf 81' lang='lat' dir='ltr'>tariano</span> <span class='ocrx_word' id='word_1_773' title='bbox 1097 5127 1168 5168; x_wconf 89' lang='lat' dir='ltr'>anno</span> <span class='ocrx_word' id='word_1_774' title='bbox 1181 5112 1217 5167; x_wconf 75' lang='lat' dir='ltr'>eo</span> <span class='ocrx_word' id='word_1_775' title='bbox 1230 5115 1305 5184; x_wconf 71' lang='lat' dir='ltr'>regni</span> <span class='ocrx_word' id='word_1_776' title='bbox 1326 5113 1367 5168; x_wconf 90' lang='lat' dir='ltr'>sni</span> <span class='ocrx_word' id='word_1_777' title='bbox 1391 5115 1508 5178; x_wconf 67' lang='lat' dir='ltr'>«thineo,</span> <span class='ocrx_word' id='word_1_778' title='bbox 1525 5113 1645 5168; x_wconf 75' lang='lat' dir='ltr'>Valesius</span> <span class='ocrx_word' id='word_1_779' title='bbox 1667 5113 1769 5182; x_wconf 79' lang='lat' dir='ltr'>aliqnot</span> 
     </span>
     <span class='ocr_line' id='line_1_57' title="bbox 149 5180 1773 5256; baseline -0.004 -16"><span class='ocrx_word' id='word_1_780' title='bbox 149 5180 310 5240; x_wconf 69' lang='lat' dir='ltr'>rrataom</span> <span class='ocrx_word' id='word_1_781' title='bbox 442 5186 466 5251; x_wconf 93' lang='grc'>1,</span> <span class='ocrx_word' id='word_1_782' title='bbox 493 5195 548 5240; x_wconf 89' lang='lat' dir='ltr'>tom</span> <span class='ocrx_word' id='word_1_783' title='bbox 569 5186 596 5239; x_wconf 92' lang='lat' dir='ltr'>lo</span> <span class='ocrx_word' id='word_1_784' title='bbox 616 5185 933 5256; x_wconf 79' lang='lat' dir='ltr'>earmitnilrnsplurimntn</span> <span class='ocrx_word' id='word_1_785' title='bbox 986 5180 1080 5240; x_wconf 79' lang='lat' dir='ltr'>dusinus</span> <span class='ocrx_word' id='word_1_786' title='bbox 1095 5197 1194 5236; x_wconf 80' lang='lat' dir='ltr'>unnnrn</span> <span class='ocrx_word' id='word_1_787' title='bbox 1217 5183 1367 5238; x_wconf 75' lang='lat' dir='ltr'>excessisse</span> <span class='ocrx_word' id='word_1_788' title='bbox 1391 5184 1528 5253; x_wconf 82' lang='lat' dir='ltr'>prohahlle</span> <span class='ocrx_word' id='word_1_789' title='bbox 1550 5181 1705 5236; x_wconf 82' lang='lat' dir='ltr'>esistnnat:</span> <span class='ocrx_word' id='word_1_790' title='bbox 1719 5200 1773 5252; x_wconf 71' lang='lat' dir='ltr'>otto</span> 
     </span>
     <span class='ocr_line' id='line_1_58' title="bbox 150 5251 1773 5322; baseline -0.003 -12"><span class='ocrx_word' id='word_1_791' title='bbox 150 5252 253 5310; x_wconf 71' lang='lat' dir='ltr'>burae</span> <span class='ocrx_word' id='word_1_792' title='bbox 270 5253 336 5312; x_wconf 79' lang='lat' dir='ltr'>iide</span> <span class='ocrx_word' id='word_1_793' title='bbox 351 5256 440 5311; x_wconf 77' lang='lat' dir='ltr'>iales.</span> <span class='ocrx_word' id='word_1_794' title='bbox 464 5254 533 5311; x_wconf 88' lang='lat' dir='ltr'>ilhrn</span> <span class='ocrx_word' id='word_1_795' title='bbox 546 5255 668 5313; x_wconf 81' lang='lat' dir='ltr'>honam.</span> <span class='ocrx_word' id='word_1_796' title='bbox 682 5264 709 5308; x_wconf 82' lang='lat' dir='ltr'>et</span> <span class='ocrx_word' id='word_1_797' title='bbox 724 5256 791 5309; x_wconf 83' lang='lat' dir='ltr'>aiios</span> <span class='ocrx_word' id='word_1_798' title='bbox 813 5265 935 5308; x_wconf 74' lang='lat' dir='ltr'>anoton-s</span> <span class='ocrx_word' id='word_1_799' title='bbox 1023 5261 1066 5308; x_wconf 83' lang='lat' dir='ltr'>oto</span> <span class='ocrx_word' id='word_1_800' title='bbox 1077 5251 1216 5321; x_wconf 72' lang='lat' dir='ltr'>legendnm</span> <span class='ocrx_word' id='word_1_801' title='bbox 1226 5261 1299 5307; x_wconf 71' lang='lat' dir='ltr'>enses</span> <span class='ocrx_word' id='word_1_802' title='bbox 1312 5254 1406 5307; x_wconf 77' lang='lat' dir='ltr'>saltent</span> <span class='ocrx_word' id='word_1_803' title='bbox 1421 5252 1603 5322; x_wconf 76' lang='lat' dir='ltr'>hnjusnupitts</span> <span class='ocrx_word' id='word_1_804' title='bbox 1618 5251 1693 5305; x_wconf 92' lang='lat' dir='ltr'>initio</span> <span class='ocrx_word' id='word_1_805' title='bbox 1703 5270 1773 5308; x_wconf 80' lang='lat' dir='ltr'>nono</span> 
     </span>
     <span class='ocr_line' id='line_1_59' title="bbox 150 5267 1773 5395; baseline -0.001 -15"><span class='ocrx_word' id='word_1_806' title='bbox 150 5327 261 5395; x_wconf 65' lang='lat' dir='ltr'>puin.</span> <span class='ocrx_word' id='word_1_807' title='bbox 291 5325 355 5395; x_wconf 78' lang='lat' dir='ltr'>cina</span> <span class='ocrx_word' id='word_1_808' title='bbox 375 5324 597 5381; x_wconf 73' lang='lat' dir='ltr'>constitutionem</span> <span class='ocrx_word' id='word_1_809' title='bbox 622 5323 749 5379; x_wconf 81' lang='lat' dir='ltr'>adversos</span> <span class='ocrx_word' id='word_1_810' title='bbox 772 5337 934 5395; x_wconf 73' lang='lat' dir='ltr'>paganorum</span> <span class='ocrx_word' id='word_1_811' title='bbox 987 5267 1032 5379; x_wconf 66' lang='lat' dir='ltr'>ii.</span> <span class='ocrx_word' id='word_1_812' title='bbox 1048 5322 1231 5377; x_wconf 85' lang='lat' dir='ltr'>lieosehenins</span> <span class='ocrx_word' id='word_1_813' title='bbox 1244 5330 1334 5376; x_wconf 77' lang='lat' dir='ltr'>conset</span> <span class='ocrx_word' id='word_1_814' title='bbox 1352 5323 1396 5377; x_wconf 85' lang='lat' dir='ltr'>hie</span> <span class='ocrx_word' id='word_1_815' title='bbox 1416 5321 1585 5376; x_wconf 78' lang='lat' dir='ltr'>scribendam</span> <span class='ocrx_word' id='word_1_816' title='bbox 1597 5319 1644 5376; x_wconf 74' lang='lat' dir='ltr'>di.</span> <span class='ocrx_word' id='word_1_817' title='bbox 1662 5322 1773 5378; x_wconf 81' lang='lat' dir='ltr'>chlota-</span> 
     </span>
     <span class='ocr_line' id='line_1_60' title="bbox 150 5479 1773 5608; baseline -0.008 -14"><span class='ocrx_word' id='word_1_818' title='bbox 150 5532 229 5608; x_wconf 54' lang='grc' dir='ltr'>Ψ,</span> <span class='ocrx_word' id='word_1_819' title='bbox 243 5535 438 5607; x_wconf 66' lang='lat' dir='ltr'>chromano</span> <span class='ocrx_word' id='word_1_820' title='bbox 451 5546 479 5591; x_wconf 88' lang='lat' dir='ltr'>et</span> <span class='ocrx_word' id='word_1_821' title='bbox 491 5479 728 5590; x_wconf 42' lang='lat' dir='ltr'>coronanda)</span> <span class='ocrx_word' id='word_1_822' title='bbox 1028 5532 1035 5569; x_wconf 85' lang='grc'>1</span> <span class='ocrx_word' id='word_1_823' title='bbox 1056 5531 1129 5597; x_wconf 81' lang='lat' dir='ltr'>nni,</span> <span class='ocrx_word' id='word_1_824' title='bbox 1150 5499 1285 5585; x_wconf 69' lang='lat' dir='ltr'>Brtirmco</span> <span class='ocrx_word' id='word_1_825' title='bbox 1297 5569 1305 5595; x_wconf 88' lang='lat'>‚</span> <span class='ocrx_word' id='word_1_826' title='bbox 1318 5529 1398 5602; x_wconf 71' lang='lat' dir='ltr'>tnigo</span> <span class='ocrx_word' id='word_1_827' title='bbox 1412 5527 1525 5598; x_wconf 82' lang='lat' dir='ltr'>Broirre,</span> <span class='ocrx_word' id='word_1_828' title='bbox 1547 5531 1672 5602; x_wconf 81' lang='lat' dir='ltr'>oppidem</span> <span class='ocrx_word' id='word_1_829' title='bbox 1686 5532 1773 5587; x_wconf 72' lang='lat' dir='ltr'>trlhnu</span> 
     </span>
    </p>

    <p class='ocr_par' dir='ltr' id='par_1_8' title="bbox 154 5598 1773 5818">
     <span class='ocr_line' id='line_1_61' title="bbox 189 5598 1773 5673; baseline -0.008 -7"><span class='ocrx_word' id='word_1_830' title='bbox 189 5616 204 5646; x_wconf 79' lang='lat'>⁸</span> <span class='ocrx_word' id='word_1_831' title='bbox 223 5607 289 5671; x_wconf 79' lang='lat' dir='ltr'>tlh,</span> <span class='ocrx_word' id='word_1_832' title='bbox 300 5605 444 5673; x_wconf 78' lang='lat' dir='ltr'>Genesim,-</span> <span class='ocrx_word' id='word_1_833' title='bbox 457 5606 534 5673; x_wconf 77' lang='lat' dir='ltr'>Bell..</span> <span class='ocrx_word' id='word_1_834' title='bbox 548 5603 663 5670; x_wconf 77' lang='lat' dir='ltr'>chonon,</span> <span class='ocrx_word' id='word_1_835' title='bbox 676 5602 752 5658; x_wconf 81' lang='lat' dir='ltr'>etsie</span> <span class='ocrx_word' id='word_1_836' title='bbox 762 5602 840 5657; x_wconf 79' lang='lat' dir='ltr'>loha.</span> <span class='ocrx_word' id='word_1_837' title='bbox 853 5599 935 5658; x_wconf 83' lang='lat' dir='ltr'>corb.</span> <span class='ocrx_word' id='word_1_838' title='bbox 987 5601 1094 5658; x_wconf 79' lang='lat' dir='ltr'>similer</span> <span class='ocrx_word' id='word_1_839' title='bbox 1109 5599 1192 5657; x_wconf 84' lang='lat' dir='ltr'>leucis</span> <span class='ocrx_word' id='word_1_840' title='bbox 1203 5598 1239 5652; x_wconf 79' lang='lat' dir='ltr'>alr</span> <span class='ocrx_word' id='word_1_841' title='bbox 1250 5601 1289 5653; x_wconf 85' lang='lat' dir='ltr'>hu</span> <span class='ocrx_word' id='word_1_842' title='bbox 1309 5608 1367 5654; x_wconf 85' lang='lat' dir='ltr'>nata</span> <span class='ocrx_word' id='word_1_843' title='bbox 1379 5599 1553 5656; x_wconf 69' lang='lat' dir='ltr'>Sttmsioonm</span> <span class='ocrx_word' id='word_1_844' title='bbox 1564 5603 1667 5656; x_wconf 87' lang='lat' dir='ltr'>distans</span> <span class='ocrx_word' id='word_1_845' title='bbox 1679 5615 1773 5655; x_wconf 83' lang='lat' dir='ltr'>tersus</span> 
     </span>
     <span class='ocr_line' id='line_1_62' title="bbox 154 5668 1773 5746; baseline -0.006 -15"><span class='ocrx_word' id='word_1_846' title='bbox 154 5676 270 5731; x_wconf 71' lang='lat' dir='ltr'>censue.</span> <span class='ocrx_word' id='word_1_847' title='bbox 297 5675 330 5731; x_wconf 79' lang='lat' dir='ltr'>ct</span> <span class='ocrx_word' id='word_1_848' title='bbox 353 5677 392 5731; x_wconf 86' lang='lat' dir='ltr'>sie</span> <span class='ocrx_word' id='word_1_849' title='bbox 418 5677 443 5732; x_wconf 88' lang='lat' dir='ltr'>in</span> <span class='ocrx_word' id='word_1_850' title='bbox 466 5686 517 5730; x_wconf 84' lang='lat' dir='ltr'>usto</span> <span class='ocrx_word' id='word_1_851' title='bbox 538 5673 734 5746; x_wconf 76' lang='lat' dir='ltr'>eapiteiogitnr</span> <span class='ocrx_word' id='word_1_852' title='bbox 750 5672 800 5736; x_wconf 82' lang='lat' dir='ltr'>itis,</span> <span class='ocrx_word' id='word_1_853' title='bbox 821 5684 874 5727; x_wconf 93' lang='lat' dir='ltr'>tam</span> <span class='ocrx_word' id='word_1_854' title='bbox 890 5688 937 5738; x_wconf 89' lang='lat' dir='ltr'>pro</span> <span class='ocrx_word' id='word_1_855' title='bbox 989 5670 1125 5734; x_wconf 80' lang='lat' dir='ltr'>Rheunos,</span> <span class='ocrx_word' id='word_1_856' title='bbox 1142 5669 1186 5724; x_wconf 90' lang='lat' dir='ltr'>uhi</span> <span class='ocrx_word' id='word_1_857' title='bbox 1206 5668 1435 5738; x_wconf 70' lang='lat' dir='ltr'>insignsahhatia</span> <span class='ocrx_word' id='word_1_858' title='bbox 1458 5670 1567 5727; x_wconf 82' lang='lat' dir='ltr'>ilrdtnis</span> <span class='ocrx_word' id='word_1_859' title='bbox 1583 5673 1773 5726; x_wconf 77' lang='lat' dir='ltr'>i‘raemonstrn·</span> 
     </span>
     <span class='ocr_line' id='line_1_63' title="bbox 154 5739 1376 5818; baseline -0.006 -17"><span class='ocrx_word' id='word_1_860' title='bbox 154 5746 298 5813; x_wconf 61' lang='lat' dir='ltr'>chaeur,</span> <span class='ocrx_word' id='word_1_861' title='bbox 314 5762 392 5814; x_wconf 81' lang='lat' dir='ltr'>nuato</span> <span class='ocrx_word' id='word_1_862' title='bbox 408 5765 456 5818; x_wconf 89' lang='lat' dir='ltr'>pro</span> <span class='ocrx_word' id='word_1_863' title='bbox 469 5746 611 5802; x_wconf 72' lang='lat' dir='ltr'>chonobro.</span> <span class='ocrx_word' id='word_1_864' title='bbox 626 5748 678 5801; x_wconf 73' lang='lat' dir='ltr'>Seni</span> <span class='ocrx_word' id='word_1_865' title='bbox 692 5755 720 5797; x_wconf 84' lang='lat' dir='ltr'>ot</span> <span class='ocrx_word' id='word_1_866' title='bbox 743 5760 820 5817; x_wconf 65' lang='lat' dir='ltr'>supro</span> <span class='ocrx_word' id='word_1_867' title='bbox 835 5743 862 5799; x_wconf 87' lang='lat' dir='ltr'>in</span> <span class='ocrx_word' id='word_1_868' title='bbox 876 5757 935 5814; x_wconf 86' lang='lat' dir='ltr'>eap.</span> <span class='ocrx_word' id='word_1_869' title='bbox 989 5745 1072 5799; x_wconf 85' lang='lat' dir='ltr'>tensis</span> <span class='ocrx_word' id='word_1_870' title='bbox 1084 5744 1112 5797; x_wconf 80' lang='lat' dir='ltr'>S.</span> <span class='ocrx_word' id='word_1_871' title='bbox 1130 5739 1230 5795; x_wconf 75' lang='lat' dir='ltr'>cronio</span> <span class='ocrx_word' id='word_1_872' title='bbox 1242 5739 1340 5794; x_wconf 79' lang='lat' dir='ltr'>ditata.</span> <span class='ocrx_word' id='word_1_873' title='bbox 1371 5789 1376 5794; x_wconf 88' lang='lat'>.</span> 
     </span>
    </p>
   </div>
   <div class='ocr_carea' id='block_1_8' title="bbox 0 0 1916 6128">
    <p class='ocr_par' dir='ltr' id='par_1_9' title="bbox 0 0 1916 6128">
     <span class='ocr_line' id='line_1_64' title="bbox 0 0 1916 6128; baseline 0 0"><span class='ocrx_word' id='word_1_874' title='bbox 0 0 1916 6128; x_wconf 95' lang='lat' dir='ltr'> </span> 
     </span>
    </p>
   </div>
  </div>
 </body>
</html>
