3794 6128
491 155 1260 298 nisvoiiiiriiiiiconniimsxnoomrns,
1697 219 1804 287 sis‘-

102 373 260 437 magensem
273 357 422 419 civitatem
432 354 465 415 in
474 351 614 415 exsilium
627 352 721 426 trusit,
736 352 886 418 thesian-A
895 359 1004 428 autem,
1018 352 1070 431 qui
1084 368 1102 412 a
1114 357 1189 412 sorte
1203 340 1341 428 sigiberti
1354 365 1385 410 se
1397 349 1434 409 ad
1449 347 1645 425 chilpericum
1659 355 1752 413 trans·

127 447 194 523 ejus
214 461 289 521 quos
306 444 434 506 Parisios
453 442 605 514 detulerat,
622 439 762 500 abstulit:
780 441 857 501 illias
899 444 1014 519 tulerat,
1028 451 1056 504 et
1070 445 1169 505 multis
1183 444 1219 503 ab
1240 460 1274 505 eo
1296 442 1470 504 muneribus
1486 441 1677 518 locupletatus
1695 448 1748 515 est,

102 544 146 607 ius
161 539 267 601 Meldis
282 552 295 580 ¹
308 537 381 599 urhe
406 535 497 595 teneri
524 533 667 608 praecepit.
684 533 768 591 Tunc
781 533 857 599 Ileo-
898 535 1064 611 caputbelli
1078 535 1163 594 istius
1181 535 1256 607 iuit3
1277 534 1326 594 sed
1349 532 1381 592 in
1399 547 1499 607 campo
1519 533 1624 606 victus,
1640 534 1753 608 primns

102 628 145 691 a*
162 644 231 689 cuni
255 624 478 686 Cenomannicis
492 621 618 682 Turonis
636 621 728 692 venii,
742 626 770 680 et
786 636 857 694 prm·
900 627 968 702 luga
981 626 1138 686 dilabitur:
1164 625 1250 685 villas
1270 641 1338 685 vero
1351 638 1425 701 quas
1444 624 1472 683 ci
1490 639 1543 682 rex
1566 626 1666 685 eliseo
1680 632 1753 691 203

102 720 132 793 ii,
145 724 176 779 ei
188 716 280 778 mulia
293 713 475 774 seeleraleeit
486 732 494 770 ι
506 711 584 786 quod
598 710 773 786 insequenti
786 726 859 784 qua·
900 716 931 774 in
945 712 1087 776 territorio
1096 714 1279 775 Suessionico
1293 714 1464 786 indulserat,
1477 713 1605 789 abstulit,
1616 722 1644 775 ci
1655 717 1754 776 basili-

115 813 227 875 virluie
254 808 331 868 beati
358 805 475 867 Martini
501 822 553 881 pro
577 805 664 865 tantis
687 804 772 866 malis
792 820 860 882 quae
900 824 942 868 cae
956 809 1079 869 contulit
1092 808 1169 867 beati
1185 808 1324 867 Medardi.
1339 808 1404 882 lpse
1417 823 1532 884 quoque
1545 807 1675 868 cedinus
1694 823 1754 867 non

112 899 406 981 percussusinteriii,
422 895 695 957 memorabimuse.
900 897 1113 974 postmultum
1139 903 1256 970 tempus
1281 897 1432 974 repentina
1459 901 1551 955 morie
1576 901 1752 971 praeventus,

102 989 463 1068 lhilperieusverolilium
473 1003 560 1048 suum
575 988 860 1049 hlerovechnmcnm
900 989 1021 1049 interiit.
1047 988 1138 1065 cnjus
1161 989 1315 1064 coniugem
1338 987 1551 1062 liauchingusi
1569 989 1687 1061 accepit,
1708 987 1754 1046 vir

103 1092 135 1147 lii
148 1083 276 1145 Pictavis
297 1079 406 1154 dirigit.
432 1081 472 1138 hi
493 1079 543 1139 ille
565 1079 665 1139 relicta
679 1079 861 1140 ordinatione
903 1086 983 1146 omni
998 1086 1123 1146 vanitate
1148 1085 1285 1159 repleius,
1313 1083 1450 1159 superbia
1476 1082 1616 1154 tumidus,
1632 1080 1756 1141 elatione

102 1170 246 1245 i'l'llfflssis
263 1169 353 1240 lenit,
374 1168 474 1243 ibique
487 1173 515 1227 θῒ
528 1167 590 1228 dies
614 1174 728 1229 ⁸³11ch
743 1168 861 1229 Peschae
902 1182 1073 1250 protervus;
1098 1174 1149 1252 qui
1165 1191 1196 1235 se
1220 1175 1260 1234 ita
1282 1190 1350 1235 cum
1373 1172 1634 1248 subieciisagebai,
1650 1178 1755 1232 utnon

102 1308 112 1323 ..
130 1262 258 1323 diuitum
281 1262 361 1320 enim
380 1260 529 1333 regionem
542 1258 624 1319 illam
639 1261 784 1320 exercitus
798 1259 861 1333 ejus
903 1269 1086 1338 cognosceret
1113 1262 1144 1321 in
1170 1279 1201 1322 se
1224 1261 1335 1341 aliquid
1355 1261 1547 1321 humanitatis
1572 1260 1688 1332 habere,
1706 1260 1756 1320 sed

102 1350 290 1425 itlpsevero
301 1348 444 1409 simulans
453 1349 490 1407 ad
503 1354 715 1409 mairemsuam
725 1349 768 1409 ire
776 1349 861 1422 velle,
904 1352 981 1413 ultra
1007 1353 1127 1412 modum
1151 1352 1290 1413 humanae
1305 1350 1425 1409 malitiae
1447 1357 1535 1425 atque
1559 1347 1710 1410 stultitial
1723 1348 1756 1407 in

102 1457 222 1518 magma
236 1442 328 1516 petiit,
352 1447 379 1500 ei
400 1441 441 1500 ibi
455 1439 640 1500 Brunichildi
663 1441 772 1524 reginae
793 1458 865 1502 con·
905 1459 972 1503 suos
987 1443 1160 1516 dosaeviens,
1175 1441 1301 1502 nefanda
1317 1439 1392 1500 mala
1406 1440 1532 1513 gerebat.
1556 1440 1631 1499 Nam
1652 1439 1677 1498 si
1690 1443 1759 1497 ante

102 1544 148 1604 nr,
164 1545 288 1604 eamque
314 1529 369 1589 sibi
394 1530 425 1587 in
450 1529 636 1589 matrimonio
648 1531 778 1592 sociarit.
794 1532 865 1591 Haic
905 1549 984 1605 eum,
1000 1540 1033 1593 ni
1045 1532 1150 1592 assolet
1162 1533 1192 1606 ¹¹,
1208 1532 1344 1592 convivio
1356 1536 1489 1591 urentem
1503 1546 1575 1606 puer
1588 1544 1705 1590 cereum
1719 1535 1759 1589 ie·

106 1621 228 1682 audieus
255 1619 446 1693 chilpericus
473 1621 550 1692 quod
578 1620 687 1681 scilicet
707 1627 806 1682 eontra
821 1623 865 1681 las
907 1622 1028 1695 nuisset,
1048 1622 1156 1682 nudari
1174 1622 1237 1698 cius
1252 1622 1337 1681 tibias
1355 1620 1488 1694 iaciebat,
1513 1627 1601 1695 atque
1613 1620 1714 1680 tandiu
1727 1619 1759 1679 in

102 1726 160 1788 que
172 1711 344 1771 eanonicam
357 1725 480 1770 uxorem
497 1711 593 1784 patrui
607 1713 770 1786 accepisset,
782 1713 894 1783 valdess
905 1714 952 1773 his
965 1727 1082 1773 cereum
1096 1711 1258 1785 comprimi,
1273 1712 1365 1772 donec
1383 1710 1497 1772 lumine
1509 1712 1691 1789 privaretur:
1709 1710 1761 1770 ito-

102 1816 136 1875 ns,
148 1800 227 1860 dicto
252 1800 338 1859 citius
360 1800 397 1859 ad
416 1815 502 1874 supra
519 1807 711 1861 memoratum
727 1803 864 1877 oppidum
906 1822 1047 1868 rumoiim
1056 1805 1241 1866 illuminatus
1249 1806 1359 1877 luisset,
1371 1804 1506 1865 similiter
1515 1803 1645 1876 iaciebat,
1658 1819 1763 1880 usque·

102 1894 171 1955 iai
188 1892 317 1952 illisum
344 1892 407 1951 haec
421 1893 634 1966 cognovissent,
652 1893 729 1967 quod
747 1895 863 1955 eosdem
907 1899 990 1959 dum·
1003 1901 1071 1957 ioim
1091 1897 1169 1957 iibiae
1187 1896 1291 1957 famuli
1318 1888 1440 1959 tenentis
1459 1902 1663 1955 exurerentur.
1679 1894 1762 1967 Quod

102 1998 143 2044 are
164 1985 344 2054 decerneret,
370 1983 405 2040 ad
433 1981 583 2041 basilicam
615 1983 706 2042 saneti
735 1983 864 2061 Martini,
907 1989 932 2050 si
946 2003 1047 2049 vocem
1063 1986 1203 2060 emittere,
1220 1993 1271 2047 aui
1291 2003 1322 2046 se
1348 1986 1384 2046 de
1410 1986 1470 2046 loco
1492 1985 1544 2044 iilo
1560 1984 1617 2045 alia
1634 1986 1669 2044 in
1682 1990 1763 2059 parte

102 2090 174 2151 hper
186 2089 287 2134 muros
298 2073 423 2132 civitatis
434 2072 538 2146 ligneis
548 2072 656 2132 tabulis
666 2071 803 2134 fabricate
813 2083 865 2152 esi,
907 2094 1025 2139 movere
1039 2083 1160 2138 conatus
1170 2078 1281 2150 luisset,
1295 2076 1394 2138 nudus
1406 2076 1485 2136 illico
1496 2075 1613 2151 gladius
1628 2074 1763 2135 immine·

102 2162 181 2239 mum
200 2164 323 2222 iaciunt.
333 2166 472 2221 Rexvero
487 2162 657 2234 adveniens,
672 2178 740 2223 cum
751 2163 782 2222 in
794 2165 868 2224 mul·
907 2170 976 2243 bai;
991 2168 1138 2245 liebatque
1150 2174 1184 2228 ui
1205 2168 1260 2227 hoc
1284 2167 1381 2238 cente,
1407 2165 1461 2225 iste
1475 2181 1581 2241 magna
1595 2164 1695 2225 laetitia
1708 2181 1764 2224 ex-

102 2255 190 2333 geuiis
200 2271 251 2316 eos
264 2255 372 2314 exindo
385 2254 502 2312 aulerre
513 2253 664 2324 niteretur,
676 2259 704 2312 ei
715 2253 759 2313 illi
770 2255 868 2314 dolose
910 2259 1041 2321 sultaret.
1056 2258 1183 2318 Aiebant
1195 2257 1274 2317 enini
1289 2255 1419 2330 quidam,
1436 2248 1469 2314 co
1494 2260 1622 2328 tempore
1640 2255 1714 2315 duos
1728 2253 1765 2313 dc

104 2356 235 2429 putantes
253 2351 355 2421 lacere,
372 2363 431 2408 non
449 2348 608 2420 crederent,
630 2348 742 2423 juravit
765 2350 807 2410 eis
824 2351 871 2410 di·
910 2349 1030 2410 famulis
1042 2350 1117 2424 ejus,
1133 2354 1166 2409 ui
1181 2363 1256 2423 saepe
1270 2345 1422 2421 contingit,
1437 2352 1542 2406 mutuo
1556 2362 1587 2405 se
1605 2361 1704 2404 amore
1717 2344 1766 2404 di-
1810 2358 1813 2363 ’

102 2438 163 2513 :8i,
177 2440 284 2514 inquit,
300 2437 434 2498 voluntas
448 2437 638 2510 Deilueriti,
653 2439 715 2512 ipse
729 2440 872 2515 hossepa·
912 2439 1030 2513 lexisse,
1044 2438 1144 2498 virum
1158 2437 1266 2498 seilicet
1288 2442 1315 2497 et
1337 2436 1476 2512 pucilam.
1498 2435 1631 2511 Cumque
1642 2436 1706 2496 haic
1718 2433 1765 2494 di-
1870 2510 1872 2515 Ι

102 2542 154 2589 non
166 2534 329 2588 conaretur.
345 2520 473 2587 Haeehii
488 2532 667 2586 sacramenta
685 2527 836 2589 audientes
849 2541 871 2602 ⁶,
913 2527 997 2588 lectio
1013 2541 1065 2603 per
1091 2524 1218 2585 duorum
1244 2539 1389 2584 annorum
1415 2529 1467 2583 aut
1485 2540 1519 2584 eo
1537 2523 1663 2598 amplius
1677 2521 1768 2598 spatia

102 2617 188 2679 *mm
203 2618 312 2693 ecliiii
327 2624 406 2691 illm,
424 2617 657 2693 exosculatisque
681 2625 709 2678 et
722 2620 874 2695 dignanter
913 2618 1088 2687 traheretur,
1113 2612 1258 2689 coniuncti
1294 2612 1402 2690 pariter
1428 2614 1594 2674 ecelesiam·
1611 2611 1767 2688 petierunt.

102 2709 152 2783 iia,
174 2710 303 2784 epulavit
327 2725 395 2770 cum
422 2709 474 2769 eis.
501 2709 568 2768 Post
588 2710 650 2769 dies
675 2726 743 2771 vero
756 2728 872 2788 paucos,
915 2709 996 2782 Quod
1009 2723 1077 2767 cum
1089 2705 1279 2782 Rauchingus
1293 2704 1488 2781 comperisset,
1504 2702 1613 2764 accedit
1627 2703 1663 2762 ad
1673 2716 1768 2762 sacer·

102 2802 173 2873 aipio
186 2813 285 2857 secum
305 2813 357 2857 rex
372 2796 553 2869 lilerovecho,
571 2797 742 2857 Suessiones
756 2799 873 2860 ‘rediit
916 2801 1012 2860 dotem
1029 2798 1103 2868 looi;
1120 2803 1200 2873 rogat
1220 2796 1276 2857 sibi
1290 2797 1424 2872 protinus
1443 2795 1523 2856 reddi
1547 2808 1617 2853 suos
1640 2790 1767 2851 famulos

102 2886 202 2951 ‚cum
225 2894 324 2949 autem
347 2886 458 2946 ibidem
482 2893 743 2961 commorarentur,
763 2889 876 2950 collecti
916 2896 1078 2950 excusatos.
1104 2887 1187 2949 Tunc
1205 2887 1336 2946 sacerdos
1358 2885 1398 2945 ait
1419 2884 1455 2943 ad
1478 2899 1566 2945 eum:
1592 2881 1673 2942 Nosti
1686 2880 1767 2940 euim

102 2978 161 3042 lde
174 2981 343 3062 Campania,
356 2979 527 3040 Suessionas
540 2978 644 3038 urbem
656 2979 875 3054 aggrediuntur,
917 2998 983 3058 quai
992 2977 1140 3041 veneratio
1151 2976 1253 3037 debeat
1260 2975 1390 3051 impendi
1399 2973 1528 3034 ecelesiis
1537 2971 1600 3032 Dei.
1612 2969 1676 3030 Non
1687 2966 1766 3027 enim

102 3076 178 3149 {qne
192 3087 231 3131 0¹
246 3087 280 3131 ⁰³
298 3070 488 3145 Fledecssssde
510 3071 621 3145 lecina,
644 3076 731 3144 atque
751 3069 906 3148 milvio-c
917 3074 1023 3153 poteris
1034 3089 1083 3133 cos
1097 3071 1235 3146 accipere,
1253 3069 1312 3129 nisi
1333 3074 1366 3128 ut
1379 3067 1467 3127 iidem
1491 3065 1581 3125 iacias
1592 3063 1629 3123 de
1651 3075 1769 3137 perma-

102 3160 353 3237 iffliilflhillelicb
374 3160 573 3220 VOlellisstSibi
585 3160 707 3222 subdere
718 3161 874 3224 civilatem.
917 3172 1005 3227 nente
1019 3178 1120 3224 corum
1144 3158 1367 3236 coniunctiono3
1391 3154 1526 3215 similiter
1539 3161 1567 3214 et
1582 3160 1616 3214 ut
1632 3152 1669 3211 de
1687 3148 1769 3210 omni

102 3252 114 3315 ¹
130 3258 162 3314 ¹¹¹
176 3253 358 3329 Cwiliricus
379 3267 432 3311 Μ
451 3251 635 3327 comperite,
656 3267 725 3311 cum
745 3253 876 3313 exercitu
917 3270 1004 3333 poena
1013 3250 1154 3327 corporali
1166 3248 1251 3309 liberi
1264 3252 1409 3319 maneant,
1424 3241 1642 3320 repromittasl.
1660 3239 1769 3311 Aiille,

110 3344 224 3420 direxit,
241 3346 358 3404 mittens
373 3344 491 3403 nuntios
508 3360 545 3403 nc
567 3343 624 3402 sihi
642 3343 784 3419 injuriam
800 3345 876 3404 lace·
917 3365 985 3410 cum
998 3347 1050 3409 diu
1063 3343 1220 3420 ambiguus
1235 3342 1406 3417 sogiiaiisns
1418 3341 1555 3411 siluisset,
1569 3336 1686 3396 tandem
1698 3348 1770 3393 con·
1798 3402 1803 3410 ⁹

102 3444 143 3513 ,ei
153 3439 302 3501 excidium
323 3439 359 3498 de
376 3445 500 3514 utroque
521 3436 652 3497 eveniret
666 3438 805 3498 exercitu.
827 3438 876 3499 lili
919 3453 1022 3501 versus
1036 3437 1072 3498 ad
1087 3435 1272 3507 sacerdotem,
1287 3433 1384 3510 posuit
1393 3447 1499 3491 manus
1511 3445 1579 3490 suas
1589 3440 1677 3502 super
1686 3423 1770 3483 altari

102 3544 128 3591 ιι
149 3530 214 3591 baec
240 3529 428 3604 negligentes,
456 3534 658 3603 praeparantur
684 3528 720 3587 ad
744 3529 875 3590 bellum:
920 3541 988 3589 cum
1001 3525 1178 3601 juramento,
1190 3521 1308 3582 cecus:
1331 3519 1406 3591 Quia
1419 3531 1573 3592 nunquam
1592 3519 1710 3612 erunta
1722 3525 1771 3569 me

102 3620 238 3697 hincque
260 3619 362 3695 praelio
376 3616 502 3678 invaluit
523 3632 589 3693 pars
611 3617 777 3693 chilperici,
791 3624 877 3694 atque
919 3614 1083 3692 separandi,
1099 3614 1148 3673 sed
1161 3611 1258 3688 potius
1272 3627 1325 3686 ego
1336 3609 1451 3681 laciam,
1469 3611 1503 3667 ut
1519 3605 1628 3701 in'hac
1646 3614 1772 3675 coniun-

102 3710 261 3791 rltpariem
279 3709 335 3769 sibi
350 3710 512 3780 adversam,
530 3706 638 3767 multos
651 3723 689 3767 ex
702 3723 736 3767 ea
746 3712 880 3769 strenuos
920 3705 1015 3765 ctione
1028 3706 1233 3779 permaneant:
1260 3700 1330 3774 quia
1341 3708 1511 3772 quanquam
1527 3691 1600 3752 milii
1617 3689 1771 3794 molestum

102 3820 120 3869 a
141 3807 229 3869 vitiles
254 3807 333 3867 viros
361 3810 555 3881 prosternens,
579 3804 744 3879 fugatisque
762 3802 882 3880 reliquis
922 3798 1020 3873 luerit,
1036 3796 1115 3874 quod
1128 3795 1237 3871 absque
1258 3790 1317 3852 mei
1331 3790 1447 3851 consilii
1464 3787 1651 3849 conniventia
1663 3795 1684 3822 ¹²¹
1703 3778 1773 3839 talia

102 3896 199 3963 sium
212 3896 385 3974 ingreditur.
402 3897 473 3967 cuae
488 3900 639 3969 posquam
658 3901 720 3954 acia
733 3902 811 3968 sunt,
828 3911 882 3957 rex
923 3897 997 3958 204
1011 3888 1070 3949 sini
1082 3893 1172 3962 gesta,
1186 3884 1260 3945 illud
1275 3890 1372 3943 tamen
1395 3881 1490 3941 libens
1514 3875 1680 3952 amplector,
1688 3868 1773 3971 'quod

102 3992 146 4051 u
163 3985 400 4063 conjugationem
420 3980 628 4056 Brunichildis,
648 3991 813 4058 suspectum
826 3986 879 4045 ha·
922 3997 975 4040 nec
996 3979 1044 4039 liic
1070 3974 1206 4037 ancillam
1223 3969 1353 4043 alterius,
1375 3984 1472 4045 neque
1487 3967 1550 4026 haec
1564 3970 1697 4065 extranei
1711 3974 1774 4059 ser·

111 4078 199 4155 eupit
222 4076 430 4137 blerovechum
457 4073 553 4134 lilium
578 4090 676 4147 suum,
698 4073 806 4147 dicens,
826 4076 881 4136 hoc
922 4087 993 4131 vum
1018 4065 1167 4141 acceperit.
1201 4060 1329 4121 Credidit
1359 4058 1490 4118 sacerdos
1518 4053 1569 4115 ille
1601 4050 1772 4153 simpliciter

102 4164 163 4229 mm
182 4167 246 4241 ejus
263 4165 393 4240 nequitia
412 4163 591 4224 surrexisse:
612 4162 825 4239 spoliatumque
843 4165 880 4225 ab
920 4156 1105 4237 promissioni
1119 4152 1248 4214 hominis
1261 4149 1369 4221 callidi,
1386 4147 1568 4246 reddiditque
1576 4143 1711 4203 homines
1724 4154 1776 4198 ex-

102 4256 229 4332 b,daiis
252 4256 421 4317 custodibus
444 4255 535 4314 libere
547 4254 558 4283 ¹*
572 4254 710 4314 custodiri
731 4255 877 4330 praecepit,
920 4256 1045 4312 cusaios.
1066 4246 1179 4319 Quibus
1203 4241 1254 4303 ille
1271 4239 1404 4314 acceptis,
1419 4246 1448 4298 et
1464 4242 1571 4335 gratias
1592 4248 1692 4334 gens,
1705 4230 1774 4289 abs·

102 4364 158 4411 aaa
168 4348 243 4425 quid
256 4348 293 4406 de
310 4362 345 4406 eo
368 4345 400 4405 in
420 4349 568 4419 posterum
582 4342 736 4404 ordinaret.
752 4343 883 4405 cedinus
922 4342 1007 4404 cessit
1023 4341 1059 4400 ad
1072 4339 1193 4399 domum
1206 4348 1300 4405 suam,
1315 4338 1345 4390 et
1374 4328 1472 4389 siadm
1494 4328 1582 4402 jussit
1596 4322 1666 4383 elidi
1687 4320 1772 4382 arbo·

102 4554 135 4613 b
159 4556 251 4621 llegua
290 4556 316 4605 et
347 4551 435 4614 Bad.;
466 4551 540 4612 Bec,
574 4548 714 4603 cobrium.
746 4550 800 4602 All
827 4450 913 4604 iresn
928 4540 1023 4596 scite
1045 4533 1288 4591 committebantur,
1307 4533 1337 4584 ui
1360 4529 1437 4583 notat
1450 4524 1633 4588 hieronymus
1648 4521 1677 4573 lu
1693 4518 1742 4572 lib.
1754 4531 1774 4571 n

102 4626 247 4689 ,neom
267 4625 334 4678 lldlii
349 4623 483 4689 plerique,
500 4620 713 4686 Maecenates
730 4622 836 4674 cacas.
924 4613 1031 4666 adiere.
1061 4607 1244 4673 vigilantium.
1281 4602 1345 4654 lide
1381 4599 1429 4652 lib.
1464 4610 1474 4649 ι
1510 4595 1544 4648 de
1570 4591 1663 4645 Gloria
1688 4591 1774 4651 llari..
1872 4631 1878 4640 .

102 4698 154 4761 illl,
183 4696 359 4751 liacciueniis.
396 4693 504 4758 llegm„
531 4693 681 4748 ltoioienes.
711 4693 789 4757 Bes„
820 4691 885 4748 iius
924 4696 984 4748 cap.
1007 4683 1047 4737 45.
1068 4678 1218 4731 ueieatem
1243 4672 1395 4726 cicioda'cm
1409 4666 1529 4736 appellat
1548 4665 1655 4719 leutius
1671 4665 1699 4718 lu
1720 4662 1776 4716 lita

102 4784 148 4833 n.
165 4772 195 4826 ei
208 4769 289 4831 lalra,
304 4779 363 4831 cap.
379 4765 402 4825 l,
416 4763 583 4823 buccelinus,
595 4762 645 4817 s'eu
663 4763 819 4818 dolatorias.
925 4752 1013 4808 sancii
1029 4748 1167 4815 cipriani,
1181 4755 1257 4798 num.
1271 4743 1309 4795 15.

102 4842 161 4897 alra
177 4853 240 4906 cap.
262 4842 287 4901 l,
303 4842 331 4892 et
344 4838 372 4890 in
394 4835 441 4888 lib.
458 4847 479 4889 ii
501 4838 537 4890 de
560 4834 695 4890 iliraculis
712 4836 801 4889 saucu
814 4835 881 4889 ilar·
955 4863 961 4893 .
975 4859 1035 4925 ΑΜ,
1051 4852 1247 4910 Rmhiffim·

102 4912 216 5051 frica
228 4982 294 5037 editi
317 4993 379 5035 caui
402 4979 479 5043 Bec,
507 4977 591 5044 forat.
617 4976 700 5041 liud„
725 4976 885 5045 [urstisio
952 4961 1264 5027 icorb.etlieli.,aitra
1279 4955 1485 5018 moduinotquc
1498 4948 1653 5005 stultitiam.

102 5062 416 5135 missneonim.
954 5075 1027 5128 isie
1046 5074 1074 5126 in
1100 5070 1169 5123 risio
1197 5080 1218 5120 ιι
1250 5062 1395 5129 niuosa
1428 5057 1559 5122 oresorii,
1578 5067 1638 5119 ean·
1658 5053 1699 5113 2⁰,
1714 5063 1776 5105 1110-

102 5128 152 5191 ffl'·
178 5128 351 5191 ⁰⁰⁶⁸W²¹¹⁶⁸·
381 5123 411 5176 ¹³¹
425 5119 496 5174 ΜΝ
520 5118 608 5184 ⁰⁰¹⁶*
628 5118 754 5186 ‘mu‘
766 5124 803 5175 ⁶⁸⁸
821 5134 885 5175 mm
926 5144 1031 5201 nachus
1057 5143 1166 5209 quidam
1196 5139 1221 5192 a.
1248 5137 1273 5191 P.
1299 5132 1446 5189 benedicto
1469 5130 1504 5183 ad
1525 5136 1649 5181 mensam
1671 5123 1779 5178 sedenti

102 5268 148 5335 ii,
171 5268 314 5331 mem,
346 5268 374 5319 st
397 5265 522 5321 supersum
550 5262 644 5329 pem·
676 5274 744 5319 κω
767 5265 796 5318 0,
808 5262 885 5325 Bw„
926 5211 1197 5272 lucemamieuebai.
1532 5306 1537 5317 Ι

102 5340 173 5399 ''¹''
959 5327 1073 5382 ¹cxatat
1103 5335 1136 5377 ea
1165 5321 1201 5375 dc
1224 5331 1256 5373 re
1281 5313 1399 5371 iormula
1413 5307 1487 5377 apud
1511 5305 1682 5372 lignarium,
1706 5305 1777 5358 lutor

102 5412 181 5471 ina
202 5409 326 5466 lileslua
347 5408 392 5463 hio
408 5408 460 5463 sibi
476 5409 529 5475 ipsi
546 5406 713 5460 contrarium
737 5415 800 5458 esse
823 5403 888 5458 cre·
927 5401 1037 5454 veteres
1066 5394 1163 5450 lacerti
1191 5390 1312 5447 auctoris
1334 5397 1410 5441 num.
1436 5381 1477 5436 22
1505 5377 1570 5434 lide
1598 5382 1625 5435 ct
1653 5378 1777 5445 eiusdem

102 5496 150 5551 ιι,
169 5484 217 5550 qut
244 5482 429 5547 chilpericum
456 5479 646 5535 suessionibus
672 5478 887 5531 commorantem
929 5471 983 5523 riri
996 5470 1032 5524 cl.
1047 5470 1136 5520 notas.

102 5558 172 5685 gat«
185 5560 278 5611 tanea
303 5554 338 5609 de
361 5565 394 5608 eo
409 5553 450 5607 sia
466 5551 597 5619 loquitar,
618 5549 698 5617 qussi
719 5548 757 5602 ¹⁰¹
770 5546 885 5601 ΜΝ·
953 5586 976 5662 .'
989 5574 1062 5631 eolo.
1086 5584 1149 5629 cum
1171 5571 1275 5638 aliquoi
1290 5564 1379 5628 editis,
1404 5559 1604 5619 moechatio.
1625 5560 1698 5626 beo,
1714 5569 1780 5615 mo·

102 5698 155 5759 liri
180 5696 303 5757 musaea
327 5696 503 5755 hoscorum
536 5704 646 5761 semper
674 5691 814 5749 hommum
838 5700 886 5747 cn·
930 5647 1059 5706 mm
1434 5690 1440 5697 “
