3794 6128
240 211 292 245 ooo
950 170 1161 236 cllllOiilchll.

238 286 553 373 momentonea
568 292 632 349 rilla
647 291 806 349 orbarum
825 303 885 348 com
901 289 1023 345 Theode-
1037 290 1061 347 Α
1074 293 1131 343 ster
1142 297 1256 359 regnum¹
1266 283 1434 355 arripuisset,
1458 282 1607 357 llerpouem
1629 286 1685 361 [Al.
1708 289 1772 363 tirrq

240 392 300 449 laos
311 402 441 463 munros
458 384 620 445 Theoderici
639 382 804 456 producitur,
823 390 852 438 et
872 380 1026 443 chlothario
1081 375 1185 439 docem,
1200 388 1299 445 genere
1313 373 1457 443 Francom,
1471 375 1530 433 loco
1544 377 1688 435 Eodelanil
1702 380 1730 437 io
1743 396 1777 455 ps

241 484 359 539 ilhrrrsra
373 478 457 538 rteoi
480 493 562 550 strpsr
585 477 723 533 linceuna
739 475 821 532 llorio
839 482 1026 545 presentatur.
1082 464 1234 523 tradorsno
1246 465 1361 522 instituit
1375 484 1383 523 ε
1398 468 1518 539 quidum
1533 483 1624 540 pacem
1635 469 1662 528 itt
1671 470 1733 544 ipso
1739 488 1785 547 pag

240 574 390 645 sigibertus
397 581 425 629 et
438 570 542 629 Corhus
555 569 601 627 lilii
612 568 770 627 Theoderici
782 567 859 639 iusso
877 564 1024 623 chlotharii
1082 559 1217 634 lteruenter
1238 559 1395 626 arripuisset
1412 561 1520 632 sectari,
1539 563 1669 620 malorum
1688 566 1790 639 nogaclt

203 664 219 685 ⁴
241 664 372 722 interlecti
385 670 458 720 sont.
477 663 616 719 lleroreos
629 660 761 717 secretius
780 660 857 729 iusso
879 655 1028 712 chlotharii
1080 648 1238 720 reprimens,
1254 648 1289 706 ab
1302 650 1366 720 ipsis
1381 652 1558 722 pagensibus,
1578 654 1721 726 instigante
1735 665 1796 727 part

242 758 266 811 in
278 755 422 827 lioptricoe
433 752 600 826 perducitur,
610 752 733 809 cumdem
747 749 912 820 amplectens
923 761 1028 812 amore,
1080 757 1168 814 serso,
1182 743 1294 801 consilio
1307 745 1389 818 624
1408 747 1512 805 hlothei
1527 750 1629 818 patricii
1644 748 1671 806 e't
1686 749 1802 809 leodem

242 849 311 919 qood
323 848 411 918 lpum
425 845 459 901 de
479 853 574 901 sancto
587 845 739 912 excepisset
763 842 879 896 lauacro.
894 838 1028 910 ingobodo
1080 833 1197 903 episcopi
1212 842 1240 891 et
1261 832 1393 905 llerpouis
1412 837 1529 905 comitis,
1553 853 1600 907 per
1614 839 1768 899 rebellionis
1786 857 1808 897 at

240 933 389 996 crallloni¹
402 936 616 1004 commendator,
627 934 671 990 uhi
684 935 773 1004 plores
786 942 845 1003 post
858 946 943 986 sonos
952 928 1026 985 risit.
1080 926 1148 979 ciam
1165 924 1253 996 llerpo
1273 913 1332 981 dur'
1346 927 1514 985 irruerucirur.
1527 926 1698 986 chlotharius
1705 946 1766 989 cont
1782 933 1809 989 io

239 1027 418 1092 chlotharius,
440 1042 500 1084 eom
515 1024 696 1099 brunichildis
712 1038 762 1080 soo
783 1022 937 1093 conspectui
961 1036 1028 1089 quse·
1080 1014 1145 1070 satia
1168 1016 1267 1085 viltam,
1283 1017 1452 1088 llarolcgium
1466 1017 1478 1057 1
1491 1031 1678 1089 cognomento,
1692 1036 1754 1079 curn
1777 1023 1820 1080 Bet

239 1116 403 1187 sentaretlrr,
418 1129 446 1177 et
457 1119 548 1175 odium
561 1130 653 1175 costra
668 1119 752 1189 ipsam
768 1116 878 1172 nimium
893 1116 1027 1183 haberet,
1080 1102 1176 1162 ibride
1190 1104 1250 1181 [Al.
1276 1106 1420 1181 Bertrode]
1431 1110 1521 1180 regina
1536 1113 1702 1177 accessisset.
1718 1127 1811 1183 oseem

238 1221 366 1280 reputans
391 1212 416 1268 el
440 1224 473 1266 co
491 1210 562 1281 quod
587 1211 680 1267 dcccm
704 1223 780 1281 reges
801 1208 964 1263 Francorum
980 1221 1028 1277 per
1079 1202 1178 1263 clatos,
1194 1197 1291 1254 multos
1312 1199 1400 1271 inique
1418 1208 1529 1271 agentes
1542 1200 1630 1272 gladio
1644 1202 1794 1262 trucidarit.

239 1299 322 1370 ipsam
348 1299 480 1356 interlecti
501 1299 623 1365 luissent,
639 1298 665 1354 ltl
681 1308 731 1366 est,
751 1298 911 1368 sigibertus,
927 1306 954 1353 et
970 1296 1028 1351 hle·
1114 1284 1205 1344 XMV·
1227 1288 1432 1346 {teudemundus
1447 1290 1554 1361 quidem
1577 1293 1718 1364 episcopos
1730 1294 1835 1352 Serlrtnr

239 1391 685 1464 foqeffi‚0230130„gqququ
705 1390 888 1461 ρῃῃρρήως,
905 1388 1028 1444 pupuge.
1079 1376 1116 1434 tls
1137 1376 1146 1417 ¹
1167 1375 1200 1435 ad
1225 1379 1426 1437 Bertethrodem
1443 1383 1560 1453 reginam
1587 1386 1695 1440 tetricos
1720 1386 1845 1443 secretius

239 1480 330 1537 bertus
344 1490 372 1536 et
386 1482 457 1537 illios
475 1494 539 1537 suos
552 1480 738 1549 chlotharius,
756 1481 821 1536 item
845 1477 983 1534 Meroreus
997 1479 1027 1531 ll-
1078 1469 1192 1528 consilio
1205 1470 1312 1529 Aletlrei
1328 1474 1412 1529 rerba
1425 1474 1599 1544 ignominiosa
1614 1478 1691 1543 diris,
1703 1480 1772 1548 quud
1786 1477 1851 1535 chlo

237 1569 290 1627 lios
302 1568 462 1637 chlotharii,
486 1568 686 1636 Theodericus,
706 1571 878 1640 ejusdemque
893 1570 940 1625 lilii
955 1579 1025 1634 tres,
1079 1562 1180 1618 thurios
1194 1562 1288 1619 codem
1301 1577 1370 1620 anno
1385 1563 1546 1622 omnimodis
1565 1567 1692 1637 ttrigraret
1710 1566 1744 1622 dc
1755 1569 1855 1623 saecolo

238 1662 281 1732 qui
299 1663 331 1717 ad
348 1676 467 1733 presens
491 1662 616 1716 exstincti
632 1661 747 1725 loeraot,
760 1676 808 1731 per
823 1660 938 1716 triduom
953 1675 1024 1728 eam,
1041 1664 1106 1730 got
1117 1644 1268 1724 thesauros,
1281 1665 1408 1725 quantum
1423 1664 1537 1725 poterat,
1547 1658 1728 1715 secretissime
1738 1657 1771 1714 od
1781 1656 1862 1715 Sedu·

234 1736 351 1812 dirersis
362 1755 503 1811 tormentis
517 1755 649 1821 allectam,
663 1754 740 1825 iohet
763 1753 835 1823 prius
853 1754 956 1808 canrelo
978 1767 1026 1822 per
1076 1744 1118 1797 nis
1136 1758 1212 1800 suam
1232 1745 1367 1801 civitatem
1384 1746 1561 1812 transferret,
1576 1762 1610 1803 eo
1623 1749 1692 1818 qumi
1704 1758 1777 1805 esset
1792 1748 1866 1806 toros

236 1860 342 1902 curnem
357 1846 503 1902 exercitum
518 1845 656 1901 sedentem
668 1843 823 1914 perducere,
839 1853 900 1910 post
912 1843 968 1898 haec
980 1856 1025 1898 ro·
1075 1832 1235 1902 missimus»
1255 1843 1284 1888 0¹
1302 1833 1513 1891 1111111105111
1535 1848 1642 1906 bimis
1653 1848 1682 1903 ¹¹¹.
1695 1853 1770 1893 siim
1784 1836 1867 1895 relio-

236 1949 279 1991 ma
289 1935 398 2003 capitis,
410 1951 462 1990 uno
476 1936 544 2006 pede
554 1944 582 1991 et
595 1934 705 1992 brachiu
718 1934 751 1990 ad
762 1932 950 1991 vitiocissimi·
964 1933 1024 2003 equi
1073 1939 1159 1995 (1116111
1174 1938 1302 1992 11101111.
1319 1925 1523 1983 13111111111111111
1543 1928 1661 1999 resinent
1680 1930 1802 1988 occinere
1832 1945 1866 1987 eo

234 2025 348 2083 eumn
372 2026 471 2098 tham
493 2023 585 2095 totque
598 2024 910 2082 rateriusetvetootute
931 2038 1027 2080 corsus
1074 2014 1145 2086 quoe
1168 2024 1241 2073 esset
1265 2016 1339 2089 regio
1361 2031 1458 2087 genere
1476 2018 1510 2074 ue
1530 2018 1779 2090 burgundionibus,
1808 2021 1866 2093 iste

235 2118 404 2175 membratim
424 2114 629 2190 disrumpitor‘.
658 2117 865 2174 Warnacharios
888 2118 915 2174 itt
941 2133 1024 2191 reguo
1074 2106 1355 2177 ll⁰⁵ll3¹¹¹⁰ll¹²ll¹¹¹¹¹ln
1372 2117 1463 2178 1111115οι
1477 2126 1587 2181 ‘ecilin
1603 2112 1864 2187 ”⁸⁰¹¹l010·ss085¹¹¹

235 2206 397 2279 {triquadra
409 2207 583 2264 subsannio„
596 2208 682 2280 nrrjor
701 2210 796 2265 domur
806 2249 814 2275 ‚
826 2221 995 2266 maronicum
1008 2224 1024 2265 a
1075 2197 1259 2256 Bertethrodit
1272 2212 1333 2255 corn
1344 2199 1402 2256 lroec
1411 2201 1540 2270 audisset,
1555 2203 1637 2260 rerita
1650 2204 1789 2263 nereritas
1799 2208 1864 2265 sub·

235 2294 391 2356 mtotuarro
403 2310 526 2369 accepto,
539 2316 573 2357 ne
588 2308 703 2369 unquam
716 2290 778 2357 ri'tae
791 2315 847 2356 tosa
862 2300 1025 2373 temporibus
1074 2290 1193 2362 sisteret,
1208 2292 1235 2348 in
1257 2293 1390 2363 iacrymas
1404 2288 1580 2366 prorumpens
1590 2296 1656 2354 alriit
1667 2298 1692 2354 in
1700 2300 1864 2360 cubiculum.

235 2388 435 2462 degradaretur.
450 2390 478 2449 ln
494 2393 592 2448 hoster
605 2391 679 2448 lladu
691 2391 816 2463 idemque
831 2394 900 2450 bunc
912 2391 1023 2465 gradum
1075 2388 1280 2446 heutemunous
1290 2404 1403 2446 cernens
1417 2406 1447 2447 se
1466 2388 1651 2462 huiuscemodi
1665 2393 1753 2449 uerbis
1768 2395 1867 2453 babere

235 2480 346 2539 horroris
356 2485 513 2552 assumpsit.
523 2483 670 2539 Firmatorn
681 2492 723 2540 est
732 2498 812 2541 nurture
821 2498 931 2555 regnum
943 2485 1025 2542 rrau·
1075 2477 1236 2550 pericolum,
1260 2476 1389 2550 logaeiter
1411 2487 1581 2550 pernoctem
1602 2480 1716 2538 Sedunis
1738 2481 1866 2554 perrexit.

233 2580 337 2639 euroin,
352 2574 446 2631 tlcota
459 2574 548 2645 priore
560 2566 737 2631 etriomartos
748 2572 913 2631 dominatum
928 2571 1024 2643 luerat,
1075 2570 1178 2627 Etlude
1198 2569 1311 2628 latenter
1325 2570 1385 2640 loga
1405 2571 1562 2629 Lussonium
1576 2572 1609 2628 ad
1623 2572 1752 2630 domnum
1768 2579 1867 2633 busta·

233 2670 295 2720 colo
308 2663 412 2721 conctis
426 2666 560 2721 thesaurii
573 2664 667 2720 ditioni
680 2659 951 2733 chlotburli'ionioris
965 2666 1025 2722 soh
1075 2662 1144 2718 slotn
1158 2660 1301 2719 abbatem·
1316 2662 1446 2734 pertenit.
1471 2662 1534 2720 Post
1557 2664 1613 2719 baec
1635 2665 1670 2721 ab
1690 2667 1747 2733 ipso
1771 2664 1866 2724 abbate

231 2754 335 2825 iicitor,
360 2754 431 2824 quod
446 2748 559 2810 lelicitet
571 2762 629 2824 potr
650 2756 784 2812 sexdecim
803 2752 901 2812 annisi
915 2758 1022 2827 tenolt,
1075 2762 1136 2808 coto
1160 2752 1259 2808 domno
1282 2748 1438 2808 chlothario
1456 2750 1498 2809 his
1519 2752 1604 2822 culpis
1624 2764 1774 2824 excusatur,
1790 2764 1819 2813 ct
1832 2756 1866 2815 ad

232 2852 327 2914 paccm
350 2844 452 2901 hebens
473 2856 533 2900 com
553 2845 677 2900 omnihus
698 2846 821 2916 gentibus
845 2844 949 2903 ulciols.
973 2844 1026 2904 loto
1074 2855 1151 2898 suurn
1161 2849 1339 2898 rerersosest
1352 2842 1496 2899 civitatem.
1512 2838 1681 2901 chlotharius
1697 2844 1867 2903 hasruhror

233 2928 406 2990 (hulotharius
427 2935 560 3005 patientias
578 2934 698 3000 deditos,
719 2934 815 2991 litteris
837 2932 972 3003 eruditus,
992 2936 1025 2991 ti·
1075 2932 1207 2991 villacum
1220 2934 1376 3005 proceribus
1388 2935 1520 3001 residens,
1535 2935 1675 2991 dletlteurn
1688 2936 1720 2992 ad
1732 2952 1761 2992 se
1775 2939 1867 2997 uenire

232 3034 312 3080 mens
339 3022 442 3092 licum,
469 3022 642 3082 ecclesiarum
671 3035 699 3082 ct
720 3026 889 3082 sacerdotum
915 3038 1027 3096 magnos
1041 3034 1065 3098 c
1080 3022 1227 3095 praecepit:
1243 3023 1321 3094 horus
1335 3024 1449 3079 consilio
1464 3024 1631 3096 iniquissimo
1649 3033 1795 3098 comperto,
1811 3028 1866 3102 gla-

232 3125 402 3183 munerator,
414 3114 574 3187 pauperihus
588 3116 784 3189 eleemosynario
806 3116 935 3185 tribuens,
951 3116 1024 3173 heul-
1076 3112 1122 3172 dio
1135 3112 1269 3173 trucidare
1279 3114 1369 3186 iussit.

233 3222 315 3280 gnum
329 3222 359 3265 se
369 3208 493 3264 omnihus
504 3220 531 3264 et
542 3208 640 3279 pietate
651 3211 758 3280 plenum
771 3209 928 3266 ostendens.
939 3206 1026 3265 lena·
1113 3211 1163 3264 hrt.
1180 3224 1272 3265 uerus.
1288 3208 1412 3265 -huno
1430 3208 1487 3264 hiis
1506 3207 1578 3278 regni
1594 3206 1741 3279 chlotharii
1756 3209 1867 3266 warns

235 3298 309 3356 cone
323 3297 439 3354 letarum
451 3299 534 3356 nimia
547 3298 706 3357 assiduitate
720 3304 808 3364 utens,
819 3304 846 3355 et
857 3304 1024 3368 postremum
1079 3290 1198 3357 chorium
1213 3296 1340 3370 maiorem
1355 3292 1450 3354 domos
1464 3313 1523 3355 com
1544 3299 1673 3357 universis
1688 3300 1867 3371 pontillclbos,

236 3390 378 3447 mulierum
401 3400 429 3448 et
450 3392 598 3463 puellarum
618 3390 833 3466 suggestionibus
848 3390 959 3448 nimium
977 3400 1025 3449 ati·
1078 3388 1125 3447 sed
1137 3392 1164 3446 ci
1178 3388 1458 3461 borgundrcluroncs‘
1477 3390 1609 3463 bonogelo
1620 3391 1680 3448 silla
1691 3394 1724 3449 ad
1735 3408 1765 3450 sc
1779 3396 1870 3451 uenire

237 3498 332 3552 nuens,
348 3485 383 3540 ob
395 3485 445 3540 lroc
459 3485 566 3555 quidem
584 3483 797 3557 blasphemator¹
814 3481 974 3540 alcodibos.

273 3574 366 3631 xttlt.
385 3574 450 3631 Cous
473 3590 544 3631 unrro
563 3576 597 3632 30
611 3577 684 3649 regui
698 3576 739 3632 soi
757 3574 917 3647 burgundie
930 3580 957 3630 et
969 3573 1025 3628 Ao-

272 3738 286 3768 ⁸
297 3729 419 3798 Plerique
431 3729 512 3797 Editi,
525 3728 702 3784 Urbanorum.
711 3728 816 3785 cranei
826 3726 933 3792 cluat..
942 3724 1024 3783 Orio.

239 3796 386 3870 Utroroqoe
396 3816 494 3855 nomeu
508 3798 577 3853 Urio
590 3808 615 3855 et
628 3798 707 3867 Orio,
719 3800 789 3869 apud
798 3813 921 3854 auctores
930 3811 1025 3852 occur·

239 3870 283 3936 rit,
295 3869 373 3939 strigo
386 3870 484 3926 dicitur
509 3869 585 3936 Orbe,
600 3884 647 3925 sen
670 3869 780 3935 (itioris,
795 3880 910 3923 castrum
924 3881 1025 3937 rogno-

214 3938 303 3999 ..otiui
316 3939 398 3997 hosio
413 3941 565 4011 impositum
579 3941 605 3994 iu
621 3938 781 4023 burgundie
790 3938 874 3992 libero
885 3938 1023 3992 cornitulo.

272 4008 287 4049 ⁸
305 4008 382 4066 colb.
398 4025 459 4067 cont
475 4010 607 4080 plerisque
619 4008 713 4073 lidius,
726 4006 754 4063 irs
767 4005 913 4063 Nouosiro.
929 4007 1026 4061 iliona·

240 4094 297 4137 rant
308 4079 430 4136 Cointlus
445 4081 634 4151 interpretator
650 4080 757 4135 llionne.
771 4077 909 4133 ilinccona
937 4077 961 4129 lu
980 4075 1025 4129 l'i·

239 4166 325 4276 ιΑιιῖιιι,
339 4165 386 4206 seo
404 4149 527 4224 l'iqsnnsl
543 4152 570 4206 in
585 4152 690 4207 Ararim
713 4148 799 4205 iulioit
815 4162 896 4220 prope
917 4146 1026 4201 iontem

262 4236 274 4275 r
285 4236 369 4276 erum.

274 4300 286 4328 ⁶
298 4289 345 4348 Sic
357 4305 463 4360 sempor
474 4288 494 4346 C
504 4304 544 4347 ar.
555 4292 587 4346 ht
598 4289 734 4356 horr.,co.
745 4296 771 4343 el
780 4287 871 4350 Frclr..
882 4287 1026 4355 heprrtum,

239 4356 275 4416 al.
292 4360 425 4431 Neptriro,
442 4360 511 4427 coi,
538 4363 625 4431 ilign,
646 4362 718 4425 lion,
735 4358 817 4415 uoco.
843 4368 870 4414 et
887 4358 938 4424 th,
960 4354 1028 4410 Neo-

240 4428 336 4495 ttrium,
348 4431 444 4500 quihus
457 4435 580 4488 omnibus
590 4430 683 4487 eatlem
696 4428 817 4485 licostrlu
829 4428 991 4498 designator.
1043 4406 1070 4469 D

273 4498 456 4557 dGralliorres
477 4502 557 4556 iidem
581 4512 657 4558 crunt
674 4516 706 4555 oc
725 4500 835 4554 comites
858 4514 905 4554 seu
926 4497 1029 4565 iorliccs

1080 3480 1215 3551 praecepit,
1231 3479 1321 3550 ibique
1340 3481 1446 3535 cunctis
1460 3480 1566 3536 illorum
1580 3482 1660 3554 625
1671 3483 1751 3554 justis
1765 3488 1870 3557 petitio·

1080 3570 1157 3628 nlbtas
1167 3583 1298 3635 annuens,
1315 3570 1538 3639 praeceptionibus
1552 3572 1670 3629 roborat.

1115 3730 1130 3771 ¹¹
1149 3731 1229 3799 boh..
1244 3747 1289 3803 prr
1304 3733 1430 3787 sexdecim
1444 3749 1536 3790 soros.
1552 3737 1645 3803 lireio..
1662 3748 1718 3808 port
1728 3740 1872 3810 quindecim

1079 3819 1178 3955 mixti
1198 3878 1249 3933 est,
1265 3870 1439 3942 vituperator,
1452 3876 1546 3944 gallico
1560 3876 1652 3944 olous,
1668 3889 1696 3933 ot
1707 3881 1763 3951 jaro
1778 3882 1872 3939 obus.

1080 3958 1249 4135 larmir.
1268 4021 1296 4069 el
1314 4012 1416 4081 Frelt„
1437 4013 1607 4070 Theodslonis
1642 4018 1693 4072 cit.
1708 4018 1761 4086 ab,
1784 4018 1873 4076 Eudo«

1091 4098 1196 4207 ’πρὲις
1212 4150 1342 4213 clarem..
1356 4153 1465 4220 optime.
1479 4151 1556 4208 cnlh.
1572 4164 1599 4210 et
1613 4155 1725 4221 chesn..
1740 4157 1871 4215 lloorole·

1080 4221 1231 4293 qioutpch.
1252 4223 1300 4288 al.,
1324 4218 1511 4293 urrroteqtcu.
1535 4223 1605 4279 horti
1629 4228 1762 4296 plerique,
1785 4232 1872 4287 sillum

1081 4292 1254 4364 horologium.
1270 4294 1306 4348 lle
1319 4291 1368 4348 hoc
1381 4306 1459 4360 sopra
1475 4293 1600 4349 diximus.

1120 4360 1129 4399 ¹
1143 4364 1186 4418 Sic
1200 4364 1328 4428 clarum,
1342 4374 1368 4416 at
1381 4362 1457 4417 (loth.
1472 4374 1499 4417 at
1512 4363 1579 4419 liolr.
1598 4380 1660 4420 cour
1675 4365 1760 4424 Editio
1775 4370 1871 4437 pleris—

1082 4448 1145 4503 que,
1157 4433 1318 4489 Sidoosmis.
1331 4433 1364 4487 Et
1372 4433 1411 4487 sic
1422 4432 1543 4490 iniurius.
1556 4434 1704 4504 Sedunum,
1714 4439 1871 4510 rugosior,

1081 4503 1108 4557 in
1125 4502 1239 4568 valesia,
1255 4504 1288 4558 de
1303 4512 1353 4572 qus
1370 4502 1436 4558 urbe
1448 4501 1505 4572 ism
1521 4504 1645 4560 diximus.

240 4578 378 4640 pogororo,
393 4583 421 4625 ut
432 4588 465 4627 et
481 4571 561 4627 uariis
574 4571 726 4628 auctoribus
740 4570 856 4638 antiquis
867 4575 949 4637 patet,
960 4581 1028 4634 qous
1115 4582 1134 4610 11
1146 4572 1517 4642 l‘retr.otctr.,putrtrr'rrrqnt.
1533 4576 1678 4645 .ocripcrst.
1689 4576 1874 4647 cdmoonolli,

241 4640 338 4697 rirlosis
350 4641 376 4694 iu
393 4642 447 4695 cru
467 4643 484 4696 ii
498 4642 647 4699 Glossario.
660 4644 713 4696 cos
727 4647 816 4694 sotem
829 4640 867 4694 sic
877 4638 963 4694 dictos
978 4651 1028 4705 po-

240 4718 276 4765 tat
290 4708 439 4766 chiffletius
454 4728 480 4766 m
495 4712 618 4768 Artastasi
640 4710 794 4775 childerici,
818 4709 887 4776 quod
907 4707 1028 4775 graphia-

240 4779 307 4837 riom
323 4783 394 4854 regis
403 4783 578 4839 custodirent.
595 4783 742 4838 crarioocs
753 4782 851 4850 passim
865 4780 1027 4837 scribuntur.

1079 4646 1158 4699 etsie
1178 4657 1294 4711 semper,
1309 4640 1468 4710 bertrudem,
1484 4640 1531 4705 al..
1547 4641 1711 4702 Berctrrrdeut
1725 4650 1871 4719 appellant.

1079 4720 1129 4837 Ch:
1145 4712 1223 4836 'capulio
1240 4714 1323 4768 etalii
1338 4711 1420 4778 liciti,
1434 4715 1482 4767 sot
1501 4711 1643 4771 chlotario.
1659 4717 1743 4775 frob.
1756 4721 1813 4792 ipro
1824 4723 1872 4776 sarh

1129 4802 1143 4833 li
1211 4820 1219 4837 0
1451 4795 1462 4811 ο

240 4858 268 4905 ot
285 4850 418 4920 hodieque
438 4853 589 4922 Lnntgrarii
609 4853 679 4923 apud
702 4850 850 4906 Gerruauos
870 4846 1028 4904 nobilissimi
1119 4864 1131 4889 ⁰
1145 4853 1213 4908 coiri
1228 4850 1357 4921 plerique,
1371 4852 1405 4907 od
1419 4852 1523 4907 dorsum
1533 4852 1646 4912 Austerii
1658 4859 1765 4913 abiasis,
1780 4856 1826 4915 sic
1846 4870 1875 4917 et

240 4918 380 4978 habetitur.

276 4999 289 5029 ‘
309 4994 364 5058 st,
393 4994 543 5059 mocissinti,
554 5003 581 5049 ct
598 4991 676 5058 inlrtt,
692 5007 799 5047 comunt.

274 5058 287 5102 ¹
308 5060 507 5120 Bromchildcm
524 5062 588 5118 ialso
603 5079 617 5116 a
635 5062 701 5117 lurra
718 5073 745 5117 et
757 5038 1030 5130 Fredegario'molto·

1080 4920 1168 4988 eolo..
1183 4924 1228 4993 qui
1242 4938 1302 4977 curu
1317 4920 1400 4978 Freh.
1409 4933 1436 4977 et
1447 4924 1497 4979 cb.
1506 4920 1541 4980 al.
1556 4927 1636 4983 habet
1648 4930 1783 4983 Aasrrssli.
1797 4928 1821 4983 is
1831 4939 1875 4988 sot

1081 5006 1190 5074 sanctos
1209 4990 1347 5049 lirrstasios
1361 4994 1432 5048 beati
1457 4992 1615 5067 culrrmbani
1631 5013 1780 5065 successor,
1797 4999 1874 5071 cuim

1082 5074 1134 5119 orta
1145 5079 1178 5119 es
1189 5063 1256 5118 lona
1268 5064 1381 5119 hahetur
1393 5063 1492 5119 sacculo
1506 5082 1523 5120 tr
1537 5062 1635 5123 broco.
1647 5069 1716 5124 inter
1726 5073 1793 5125 iloto
1803 5069 1872 5127 Sao-

243 5148 299 5189 rods
320 5135 462 5189 criotinom
483 5142 634 5189 accusatam
655 5131 738 5188 luisse
762 5126 1031 5198 pluribuscootendit
1081 5144 1197 5198 crurum,
1212 5135 1245 5188 ad
1260 5149 1358 5188 annum
1372 5134 1434 5189 tiso.

247 5204 370 5270 ¹isiotiott,
384 5220 475 5269 quern,
491 5207 512 5259 si
527 5203 610 5270 lohet,
622 5204 743 5270 console,
756 5200 921 5271 potissimum
932 5198 965 5251 ad
980 5214 1029 5251 an·

1118 5214 1132 5254 r
1150 5203 1233 5264 clar..
1256 5204 1425 5258 dlosoiocorrr.
1442 5201 1526 5274 llujos
1540 5203 1688 5263 tillorsitos
1701 5209 1808 5280 ignotas
1818 5221 1872 5268 est.

252 5290 303 5331 tout
316 5272 381 5343 ors,
398 5274 442 5356 uhi
455 5274 512 5344 eius
526 5275 674 5355 apologiam
692 5273 796 5354 scribit,
811 5284 842 5352 ac
857 5266 1027 5348 lauuereiu.
1085 5273 1151 5330 iios
1166 5273 1211 5328 tib.
1227 5289 1251 5328 rr
1262 5275 1296 5329 (ιο
1308 5275 1346 5329 rie
1358 5274 1499 5343 orpturrrar.

258 5358 301 5401 eto
314 5359 347 5400 ex
360 5360 438 5400 tatros
451 5354 629 5400 monomenus
644 5353 775 5412 congerit.
792 5342 856 5410 liius
870 5340 1029 5406 supplicium
1118 5354 1132 5393 s
1150 5342 1194 5399 Sic
1208 5343 1280 5401 clar.
1295 5342 1392 5400 caeteri
1408 5357 1501 5399 omues
1512 5358 1572 5399 corn
1588 5346 1723 5414 aimoino,
1744 5368 1813 5407 orrso
1826 5353 1873 5421 il,

262 5414 398 5471 trcribitor
416 5430 521 5483 quoquc
537 5414 563 5467 in
579 5413 652 5468 ilarii
673 5413 837 5484 apperrdice;
857 5408 945 5464 locuto
964 5406 1032 5462 inte·

266 5500 317 5539 'out
328 5486 409 5540 habos
421 5488 447 5539 itt
455 5484 603 5553 uppetrtlice
615 5485 693 5553 boios
703 5483 853 5538 uoluminis.

1083 5410 1293 5548 tdfflgicssffim
1312 5492 1340 5536 at
1359 5480 1434 5535 Goth.
1454 5484 1611 5553 «corucem,
1631 5490 1792 5559 pontificibus
1808 5491 1873 5543 hur.

275 5555 433 5610 sclutarios
444 5555 465 5624 i,
478 5556 547 5610 lilios
557 5554 712 5617 chludovei,
723 5553 856 5608 defunctis
867 5549 994 5608 iratribus
1004 5558 1030 5604 rt
1084 5554 1185 5626 proaulio
1198 5562 1221 5607 ct
1233 5552 1373 5622 inionibus.
1392 5552 1477 5619 boh,
1494 5552 1651 5627 herponem·
1665 5560 1771 5627 [rororis.
1786 5562 1873 5613 carr...

276 5624 382 5695 potihos
396 5627 462 5693 sois,
477 5625 657 5683 roormtchiaot
671 5624 833 5681 obtinuerat.

1085 5642 1132 5683 tres
1143 5626 1274 5681 decernor
1288 5621 1346 5677 cot.
1363 5634 1411 5676 tos.
1425 5620 1583 5683 liberorum
1595 5629 1623 5681 Ε.
1634 5630 1714 5672 ιι-ιω
1767 5628 1776 5636 ·
