3794 6128
132 293 182 351 559
711 286 916 346 utthhhtrthlt
933 285 1154 345 sctlotssatcr
1174 311 1179 319 ·
1692 288 1755 349 w

134 410 248 478 iurasque
260 405 443 462 eorrhlsisseat
454 411 614 470 certamine,
628 402 791 457 suatuttass
807 401 913 456 l‘irtoao
926 399 953 461 Δ
964 399 1072 456 taudem
1089 416 1105 455 a
1123 399 1304 470 paratidcihus,
1327 400 1369 460 rel
1383 401 1586 473 sapientissimis
1600 403 1665 459 riris
1684 418 1755 476 pru=

130 499 297 553 interdicitur.
309 496 391 568 6³⁰
405 493 580 564 cuudeherga
594 495 684 549 ararim
696 494 730 549 de
744 492 840 549 exsilio
853 501 913 548 sort
964 493 1082 559 ceribus,
1103 502 1178 562 pater
1197 492 1350 563 pucilicatur
1364 509 1424 550 cum
1443 493 1516 560 dlior
1541 492 1711 566 reddensque
1725 496 1752 554 ei

129 605 215 644 assuas
227 597 280 642 tres
295 600 416 659 regressa
430 587 590 643 sublimatur
603 586 630 641 in
647 602 770 657 regnum.
963 583 1105 640 solidatum
1121 583 1190 652 quod
1204 593 1344 652 aspexerat
1358 585 1391 639 ad
1406 600 1516 655 reguum
1532 585 1748 653 austrasiorum,

165 679 215 733 Aa.
242 692 399 732 narrum-
416 677 469 732 [ΙΙ.
492 677 570 732 dano
586 675 617 731 tl
631 685 645 715 ¹
660 667 807 732 chlotharii
831 672 912 743 regis,
965 675 1017 732 boo
1031 685 1132 732 tantum
1146 675 1244 732 exinde
1262 677 1333 746 quod
1352 679 1420 734 citra
1440 679 1561 756 Ligerem
1577 679 1618 735 rel
1639 679 1666 734 iu
1684 680 1752 734 l’ro·

63 826 68 836 ‚
129 784 188 823 oum
205 768 367 841 [lagobertus
380 768 436 838 jam
449 769 549 824 utiliter
561 779 683 835 regnaret
696 768 721 821 in
736 771 843 826 Auster.
855 765 914 834 qui·
964 764 1059 820 rinciae
1071 767 1189 835 partibus
1203 767 1284 821 situm
1296 777 1364 832 erat,
1377 782 1432 823 suar
1447 768 1541 824 ditioni
1554 769 1674 825 retinuit.
1761 763 1763 767 ’

128 858 189 914 dam
203 874 236 916 es
248 859 402 928 proceribus
415 859 449 916 de
461 868 539 930 gente
553 857 634 915 nobili
649 858 814 930 hpgloihnga
828 850 854 920 ¹³,
866 870 914 910 no·
999 860 1050 914 An.
1080 859 1317 915 oasam-uh
1344 862 1423 916 huuo
1445 860 1480 916 ia
1503 861 1578 931 regni
1600 860 1751 917 cblosbarii

129 953 200 1008 mine
222 952 416 1016 eliminamus,
442 952 469 1007 iu
487 951 617 1006 ollensam
640 949 781 1020 [tagoberti
801 946 912 1012 cadens,
964 945 1171 1004 warnacharius
1194 951 1279 1020 major
1298 950 1394 1006 domus
1413 952 1526 1009 moritur
1540 961 1563 1003 t.
1585 952 1669 1008 iilius
1691 953 1752 1024 ejus

127 1042 315 1109 instigantibus
328 1040 481 1096 beatissimo
493 1042 639 1110 riraatque
653 1039 778 1110 pontifice
792 1034 912 1101 braulio,
965 1039 1085 1096 cedinus
1112 1041 1193 1096 animi
1221 1041 1330 1098 leuitate
1358 1041 1475 1098 imbutus
1502 1057 1644 1098 novercam
1672 1059 1751 1098 suam

128 1141 155 1185 et
171 1131 281 1199 l‘ippino
296 1131 396 1199 majore
410 1129 505 1185 damus
517 1140 541 1194 ι,
558 1144 605 1184 seu
620 1137 647 1184 et
660 1127 765 1183 crateris
783 1125 914 1197 prioribus
966 1128 1107 1184 Berrauem
1131 1144 1164 1186 eo
1178 1145 1249 1187 anuo
1267 1132 1370 1201 aceepit
1383 1147 1493 1188 uxorem
1509 1151 1517 1188 ε
1534 1134 1604 1190 unde
1621 1133 1752 1191 cblotha-

128 1224 196 1296 [.ll.,
210 1220 382 1294 primoribus]
397 1222 547 1278 sublimatis
563 1223 588 1276 iu
604 1227 709 1286 auster,
732 1234 765 1276 eo
785 1219 857 1290 qaod
871 1233 914 1275 es·
964 1217 1021 1271 rius
1033 1233 1078 1274 res
1090 1219 1217 1275 aduersos
1230 1235 1290 1275 eum
1307 1221 1388 1275 nimia
1402 1219 1493 1277 lurore
1506 1236 1654 1291 permotus,
1675 1223 1752 1292 jubet

127 1324 170 1367 set
184 1312 240 1381 ipse
263 1311 447 1368 chrodoaldus
471 1312 551 1367 rebus
568 1312 689 1382 plurimis
711 1309 820 1375 ditatus,
835 1317 915 1363 cacte-
965 1307 1115 1363 liraeberta
1125 1310 1198 1373 duci,
1212 1312 1256 1379 qul
1268 1311 1364 1366 codini
1379 1327 1531 1381 germanam
1542 1328 1653 1369 uxorem
1666 1314 1751 1370 habe·

128 1418 217 1459 rarum
232 1401 387 1458 facultatum
410 1403 556 1474 cupiditate
571 1417 707 1472 pervasor,
722 1398 855 1469 superbiae
868 1398 916 1454 de·
964 1398 1018 1466 hat,
1036 1415 1096 1453 eoru
1111 1414 1171 1454 curn
1186 1400 1303 1458 exercita
1321 1402 1479 1458 interlicere.
1501 1400 1558 1457 Gud
1572 1418 1622 1457 nus
1634 1420 1751 1461 cerneus

128 1495 211 1562 ditus,
226 1494 350 1551 elatione·
368 1494 472 1564 planus,
490 1509 539 1549 neo
563 1494 705 1562 quidquam
729 1491 789 1546 boui
805 1490 832 1545 in
856 1488 915 1559 ipso
964 1503 1020 1543 sure
1035 1490 1096 1546 vitre
1119 1483 1285 1563 periculiuu,
1312 1500 1385 1562 terga
1410 1506 1518 1550 uertens
1542 1509 1601 1549 cum
1616 1511 1702 1552 uxore
1716 1499 1750 1552 ad

128 1584 320 1653 reperiebatur.
341 1585 461 1654 Cumque
483 1585 647 1655 hagoherms
666 1584 753 1652 ipsum
765 1581 820 1652 jam
836 1580 916 1637 vellet
966 1579 1143 1647 Dagalsertum
1157 1595 1247 1683 regyra
1261 1583 1376 1650 perrexit
1391 1584 1416 1636 in
1428 1585 1536 1650 Auster,
1551 1596 1579 1641 et
1592 1587 1619 1640 iu
1634 1587 1751 1643 eeclesia

128 1691 177 1740 pro
202 1675 259 1729 suis
287 1675 448 1732 facilioribus
473 1675 645 1740 interlicere,
669 1673 854 1731 chrodoaldus
880 1673 912 1727 ad
967 1673 1751 1745 sarrerihprilregrustmorepertesritus,leelreaatuqium.

130 1764 315 1819 chlotharium
330 1774 402 1834 terga
415 1766 514 1830 vertit,
542 1774 570 1819 ut
592 1778 666 1819 suam
686 1779 746 1819 curn
763 1763 819 1816 illio
833 1762 914 1817 vitam
931 1743 952 1802 Β
969 1762 1131 1832 hagohsuus
1148 1779 1194 1830 per
1211 1766 1312 1835 legatas
1330 1778 1378 1835 pro
1398 1756 1458 1835 ejus
1472 1765 1525 1822 rita
1544 1766 1641 1837 sepius
1662 1766 1747 1824 chlu-

130 1851 251 1907 obtiuere
271 1853 435 1924 dignaretur.
460 1851 631 1908 chlotharius
649 1864 710 1907 cum
735 1851 913 1922 [lagobertuut
965 1855 1079 1910 tharium
1104 1870 1192 1926 regom
1211 1851 1423 1925 deprecabatur:
1440 1855 1545 1915 tandem
1565 1860 1751 1917 aehtorhario

128 1943 248 2006 vidisset,
274 1945 344 1998 inter
358 1952 468 2000 mseras
482 1943 676 2000 collocutiones
690 1940 862 1999 chrodoaldo
876 1943 915 1998 vi·
966 1943 1129 2013 promittitur
1142 1944 1238 2000 codini
1249 1944 1302 2000 rita
1315 1934 1453 2015 educasse,
1466 1959 1555 2004 amen
1566 1945 1620 2022 [sl.
1633 1948 1749 2026 tautum]

130 2044 182 2090 tarn
207 2045 341 2104 precatur.
375 2034 538 2106 [lagobertus
557 2036 726 2105 promittens,
750 2037 772 2091 si
797 2032 823 2091 id
844 2034 914 2104 quod
965 2044 994 2090 ut
1015 2036 1165 2102 bertanem,
1182 2051 1261 2106 quam
1280 2048 1373 2094 eontra
1393 2054 1525 2096 canonum
1549 2041 1667 2113 instituta
1685 2059 1751 2100 uro·

128 2127 198 2182 male
212 2136 332 2198 gesserat
345 2127 511 2194 emendaret,
531 2125 718 2183 chrodoaldus
733 2125 795 2181 uite
811 2125 916 2196 pericu·
965 2143 1023 2184 rem
1037 2139 1188 2198 acceperat,
1210 2131 1382 2200 relinqueret.
1405 2132 1526 2202 Cumque
1545 2131 1602 2206 ipse
1626 2133 1753 2205 reliquis·

128 2216 182 2272 lum
202 2234 253 2273 nan
279 2217 407 2286 haberet;
436 2219 484 2275 sed
511 2219 582 2274 nulia
600 2227 723 2273 exstante
748 2233 833 2283 mora,
855 2233 915 2274 cum
965 2228 1017 2284 set,
1032 2221 1196 2277 et'reversus
1216 2232 1288 2279 esset
1307 2225 1333 2278 in
1348 2239 1458 2296 reguum
1477 2224 1647 2296 Burgundio,
1670 2226 1750 2281 berta

127 2303 314 2363 chrodoaldus
326 2323 386 2363 cum
403 2306 551 2379 huguberto
562 2308 686 2365 Treueris
700 2307 766 2383 [dl.,
780 2308 916 2383 reversas]
966 2311 1135 2368 contiuuaad
1147 2313 1330 2371 chlotharium
1346 2319 1472 2385 perrexit,
1487 2318 1578 2375 diceus
1593 2335 1601 2375 ε
1616 2318 1646 2379 ei
1667 2318 1750 2375 Gudi-

127 2402 296 2468 accessisset,
320 2401 395 2470 jussu
423 2400 564 2472 [ingoberti
584 2398 740 2457 interiectus
758 2412 800 2458 est
814 2419 821 2455 :
836 2414 915 2472 quem
967 2417 1016 2456 uus
1030 2405 1185 2474 crrnspectui
1195 2405 1342 2461 chlotharii
1356 2416 1540 2476 presentatur,
1561 2408 1750 2482 ipsumregem

128 2491 284 2548 herlharius
299 2493 380 2546 isauro
392 2492 587 2564 Scarpanensis
601 2489 614 2529 ‘¹
627 2490 770 2565 evaginato
783 2490 871 2564 gladia
881 2491 915 2547 ad
966 2494 1046 2550 reilet
1061 2485 1221 2554 interlicere.
1236 2495 1358 2553 Godinus
1368 2498 1445 2568 jussu
1459 2498 1607 2555 chlotharri
1621 2516 1669 2571 per
1683 2516 1752 2571 prae·

127 2584 224 2639 ostium
238 2583 303 2656 [Al.,
320 2582 473 2655 postitium]
487 2581 603 2638 cubiculi
617 2583 702 2652 eapite
718 2579 862 2639 truncavit.
966 2587 1043 2658 eipua
1067 2588 1124 2643 loeo
1143 2597 1307 2655 sanctorum,
1323 2579 1413 2643 damni
1433 2586 1515 2662 032
1531 2587 1650 2647 bledardi
1672 2586 1752 2647 Sues-

163 2679 211 2734 du.
229 2692 324 2732 nourr.
335 2706 369 2718 ·-·
384 2674 449 2732 hill.
463 2676 542 2732 huna
554 2674 587 2729 th
600 2677 674 2747 regni
686 2675 848 2744 chlotharii,
865 2674 916 2730 lla-
966 2677 1056 2732 riouas
1074 2685 1102 2732 et
1121 2675 1213 2733 domiai
1234 2673 1354 2748 Dionysii
1376 2670 1494 2733 Parisios
1516 2691 1548 2735 ea
1571 2677 1753 2750 praereatiops

128 2767 256 2838 gobertus
282 2767 357 2823 cuitu
377 2765 461 2839 regio,
480 2781 513 2821 ex
528 2764 593 2839 [dl.,
609 2766 647 2839 et]
665 2759 741 2837 jussu
757 2767 841 2838 patris
868 2767 916 2823 bo·
967 2777 1131 2824 sacramenta
1144 2768 1256 2822 daturus
1268 2762 1419 2835 adducitur,
1434 2779 1463 2824 ut
1476 2784 1583 2841 semper
1592 2767 1756 2845 chlothariu

126 2867 201 2915 rreste
218 2872 278 2917 cum
289 2859 413 2916 leudibus
428 2859 455 2915 iu
472 2860 609 2930 clippiaco
633 2876 686 2917 uon
703 2870 714 2899 ⁸
727 2861 818 2931 procul
843 2854 915 2916 Pari·
966 2856 1078 2914 deberet
1091 2870 1152 2912 esse
1166 2854 1262 2924 lideiis,
1277 2865 1306 2912 ut
1316 2871 1435 2927 congrue
1445 2858 1519 2914 lacus
1533 2867 1605 2914 esset
1615 2863 1754 2930 repom,

126 2951 181 3005 sius
193 2949 274 3015 ranit,
292 2948 383 3021 ibique
395 2964 551 3021 gerruanam
566 2949 691 3009 sichilde
712 2951 813 3024 reginae
827 2947 850 3021 Ι,
867 2966 915 3006 nu·
967 2963 1019 3019 quo
1033 2958 1111 3019 pacto
1121 2956 1285 3018 separatura
1301 2948 1358 3004 suis
1369 2949 1575 3006 irrterlieeretur.
1591 2936 1754 3017 circumual-

125 3039 198 3094 mina
210 3039 413 3107 camatrudem,
430 3039 458 3096 in
471 3039 623 3111 eonjugium
638 3040 745 3110 accipit.
761 3039 915 3097 Transactis
968 3039 1009 3096 ius
1022 3037 1045 3105 ¹,
1069 3053 1137 3094 uurrs
1150 3054 1183 3095 ex
1196 3039 1361 3108 proceribus,
1377 3049 1405 3096 et
1418 3037 1602 3098 waldebertus
1622 3038 1754 3099 domesri·

126 3129 236 3199 rmptiis,
252 3129 296 3185 die
308 3129 385 3186 teriia
406 3131 475 3187 iuter
489 3130 674 3188 chlotharium
691 3143 719 3186 et
734 3128 913 3199 hugoberium
928 3101 952 3164 c
966 3145 1013 3186 cus
1027 3129 1147 3186 diceutes
1164 3125 1198 3185 ad
1220 3125 1353 3187 Gadiuum
1372 3141 1400 3188 ut
1421 3130 1572 3204 Aurelianis
1587 3130 1613 3188 in
1638 3132 1754 3190 ecclesia

126 3220 209 3275 dlianr
225 3234 301 3275 suum
316 3220 396 3293 631
418 3221 507 3292 grauis
523 3232 581 3278 orta
597 3221 646 3278 luit
667 3222 789 3279 intentio.
804 3223 916 3280 Petebat
965 3225 1049 3280 saneti
1070 3222 1177 3288 Auiani,
1197 3215 1224 3280 Bt
1242 3222 1407 3280 Turonisad
1431 3218 1521 3282 iimina
1545 3225 1630 3281 sancti
1647 3222 1755 3283 ldartiui
1804 3246 1807 3252 ·

124 3313 197 3369 euim
213 3313 378 3382 [lagobertus
392 3323 489 3369 cuncta
506 3329 565 3384 quac
579 3313 615 3369 ad
633 3330 746 3387 reguum
760 3313 915 3374 dustrasio·
966 3302 1052 3382 ipsun
1068 3320 1264 3368 sacramentam
1279 3312 1374 3391 adhuc¹
1387 3314 1544 3386 impleturus
1556 3312 1654 3372 adiret.
1675 3316 1756 3386 Quod

126 3421 184 3459 nun
207 3406 373 3474 pertinebant
399 3421 455 3460 suae
477 3405 572 3462 ditioui
591 3405 659 3463 aelle
682 3406 812 3477 recipere,
840 3407 912 3479 quud
964 3415 1028 3457 cum
1039 3401 1066 3456 in
1076 3400 1230 3457 suburbana
1243 3403 1376 3472 Carnutis,
1386 3400 1563 3462 chramnulla
1578 3403 1717 3464 iudicante
1726 3418 1754 3465 et

125 3498 297 3555 chlotharius
325 3498 499 3555 uehementer
523 3499 673 3571 denegabat
696 3500 782 3571 eidem
806 3517 840 3557 ex
863 3500 915 3559 hoe
965 3486 1172 3567 llisssssstllessles
1199 3494 1264 3549 ¹¹⁰l²
1287 3495 1392 3563 llrandss
1411 3494 1438 3550 5¹¹
1462 3492 1604 3566 quamdam
1629 3498 1754 3556 lisstllm

26 3625 29 3629 -
126 3589 193 3642 nihil
208 3590 276 3645 relie
289 3589 450 3644 concedere.
466 3587 566 3644 hleeris
583 3589 617 3643 ah
632 3584 672 3644 bis
685 3584 791 3646 duobus
806 3590 914 3661 regibus
964 3583 1091 3650 uenisset,
1116 3583 1205 3654 ibique
1220 3582 1406 3642 Chremnudus
1420 3598 1448 3642 et
1457 3586 1646 3644 waldebertus
1668 3604 1753 3660 srsper

125 3680 266 3736 sluodrcim
278 3680 441 3735 Frarreorum
453 3680 619 3750 proceribus,
635 3692 663 3737 ut
674 3696 766 3737 earum
780 3682 914 3752 dtsoepra-
964 3671 1051 3742 ipsum
1065 3687 1124 3729 ⁰⁰¹⁰
1138 3673 1258 3730 0¹³¹⁰il¹¹
1269 3675 1383 3742 irmunt,
1398 3688 1514 3748 edatque
1530 3678 1713 3748 interlieiunt;
1727 3692 1757 3740 et

126 3772 200 3828 tione
216 3772 272 3826 brec
294 3772 416 3827 finiretur
430 3772 561 3839 intentio,
578 3773 649 3828 iuter
664 3787 731 3841 quos
751 3783 779 3828 et
797 3773 913 3829 duumus
964 3782 1011 3822 eos
1026 3767 1070 3834 ‘tid
1086 3782 1146 3824 cum
1161 3766 1220 3838 59⁸⁰
1234 3768 1320 3824 adhuc
1335 3769 1500 3839 reserarem,
1520 3775 1648 3844 squaedam
1664 3772 1751 3838 intel·-

127 3859 256 3915 hruulsus
278 3860 397 3930 pontiiex
417 3858 556 3917 liettensis
575 3875 634 3915 eum
657 3861 767 3931 reliquis
781 3862 913 3934 episcopis
965 3856 1195 3928 uoluntatesque
1208 3859 1410 3929 exspoliatosin
1423 3863 1655 3936 togamvertantrs
1670 3873 1756 3930 relin-

125 3951 242 4021 aiigitur,
257 3952 302 4021 qui
318 3951 522 4022 benignissime,
533 3960 563 4005 ut
577 3967 624 4006 sua
639 3961 697 4007 erat
710 3953 849 4017 sanctitas,
872 3952 914 4008 iu·
963 3956 1057 4017 quuut.
1071 3947 1111 4003 Eo
1121 3960 1191 4004 anuo
1203 3948 1336 4005 Palladius
1349 3947 1460 4023 ejusque
1474 3955 1544 4011 lllius
1554 3955 1679 4023 Sidoeus.
1696 3967 1756 4034 epi·

4 4096 16 4117 ,
126 4055 168 4102 ter
182 4054 283 4116 patrem
299 4044 421 4100 etlilium
436 4060 484 4114 pro
499 4047 572 4114 pacis
587 4043 745 4113 loquebatur
757 4042 913 4116 eorrcardis,
963 4052 1061 4109 scopus
1071 4034 1191 4096 AElosanl
1205 4039 1229 4108 i,
1253 4041 1392 4115 incusante
1411 4043 1568 4118 higbyuaue
1580 4049 1660 4121 duee,
1682 4056 1757 4126 quod

161 4216 332 4276 ·llollandus
350 4230 439 4275 manet
458 4220 485 4274 iu
500 4217 651 4274 comment.
672 4217 705 4273 ad
721 4215 806 4273 Vitam
827 4214 911 4274 saneti
964 4213 1135 4286 (Doaleuart)
1147 4215 1237 4270 situm.

125 4292 239 4362 l‘ippini,
255 4291 299 4345 die
318 4291 351 4344 al
373 4289 464 4354 Faba,
482 4288 533 4344 hoe
545 4302 624 4358 eaput
640 4291 665 4343 in
680 4288 784 4358 aliquot
804 4289 912 4358 scriptis
1001 4286 1101 4365 0lisa,
1121 4285 1254 4356 clippiaco
1275 4287 1374 4358 praest.
1395 4291 1424 4345 ln
1439 4292 1510 4349 clar.
1533 4304 1587 4351 tres
1606 4297 1756 4359 litterae:

124 4365 230 4425 deesse,
245 4369 333 4416 exstat
347 4370 435 4416 tamen
452 4364 477 4414 in
493 4361 602 4414 nostris.
964 4355 1093 4409 industria
1120 4356 1224 4411 deantur
1254 4367 1324 4412 sunt.
1355 4363 1497 4431 Superest,
1523 4366 1639 4422 leudibus
1670 4387 1756 4428 use...

159 4432 235 4487 bcd.
261 4432 391 4502 plerique,
413 4430 597 4500 duglolpiuga,
620 4429 723 4483 uomina
749 4427 910 4492 liodoaldus,
926 4458 949 4519 D
963 4423 1094 4495 clippiaco
1110 4427 1208 4496 procat.
1233 4426 1294 4484 Vei.
1311 4429 1371 4494 tid..
1389 4443 1485 4498 prater
1506 4433 1598 4502 Freh„
1625 4441 1660 4493 sir
1673 4439 1758 4498 Plato

124 4518 171 4563 seu
183 4501 353 4557 charoaldus.
369 4501 522 4564 bollandus,
535 4502 593 4554 loco
605 4500 690 4564 laud,
714 4498 794 4554 babet
812 4497 910 4568 Agilol·
982 4494 1066 4576 rocol.
1078 4495 1256 4565 clippiacum,
1279 4500 1358 4569 vulga
1370 4498 1469 4572 clichp,
1491 4504 1570 4560 sitam
1584 4515 1624 4562 est
1644 4509 1756 4582 hragra

146 4588 204 4642 upa,
220 4573 280 4637 siae,
296 4582 324 4626 ut
340 4572 397 4641 ipse
411 4571 529 4639 exposui,
544 4567 631 4625 Beira.
648 4568 790 4623 historiam
808 4566 909 4638 hgilol·
963 4512 1108 4620 §ausiensi
1134 4581 1214 4636 prope
1233 4567 1396 4637 Seqtmuam;
1411 4572 1455 4625 ubi
1477 4572 1616 4632 deiunctae
1630 4591 1675 4635 ess
1687 4595 1758 4637 ssu.

136 4647 228 4723 ¹ngieae
240 4641 357 4723 familiae,
369 4656 401 4697 er
417 4639 636 4724 quaGuellorum
652 4638 827 4762 aliarumqued
834 4637 910 4763 uldebrig
963 4645 1022 4761 dtus
1032 4634 1185 4761 harderadum.
1195 4637 1755 4763 didflihirrdeliebiplomatleanuua.ilh.

123 4710 909 4863 bill,lldihllllhlhllh'‘lllllhhs..
962 4715 1129 4884 edidici,
1147 4720 1206 4861 ².¹''¹,
1257 4723 1310 4763 ⁰¹¹¹*
1324 4714 1575 4861 ¹²⁰ff¹¹¹⁹⁰¹¹⁰⁸¹⁸⁵⁰2
1590 4718 1675 4788 ''¹¹¹‘’
1688 4736 1755 4793 ⁰²⁹·

121 4850 691 4987 Βῧξιῗιιωῗιἱιιοῗιῗοῖιιιιῗῖῖἓίἒωιιξιέιαίἓέἰιιιιίι,
711 4918 745 4975 de
758 4919 855 4987 quihus
868 4917 909 4973 iu·
999 4845 1490 4986 t*lilnllrrccfgrlrllldffiifirlrluhepsaszldbu'r’srlo
1506 4923 1703 4984 Waruachario
1719 4931 1755 4987 d·

124 4992 162 5047 ira
184 4992 283 5062 passim
308 4990 406 5060 agitur,
432 4990 505 5060 prior
526 4991 575 5046 luit
598 4991 741 5060 episeopus
759 4988 908 5058 lletteusis,
961 4985 1016 5041 lum
1032 4986 1089 5067 qui,
1104 4997 1192 5054 partes
1213 4987 1327 5058 Agrestii
1341 5000 1432 5045 eontra
1453 5003 1573 5049 ssuemm
1595 4995 1756 5058 Eamtssium

123 5064 297 5129 alterlaieus,
312 5060 434 5131 equibus
450 5061 546 5129 prodiit
564 5062 680 5116 secanda
697 5072 789 5129 regum
805 5068 911 5113 nostra·
962 5056 1156 5112 buxeriensem
1176 5058 1299 5114 abbatem
1320 5060 1386 5116 tueri
1413 5063 1517 5128 volens,
1543 5065 1570 5119 iu
1594 5078 1676 5124 eone.
1697 5070 1756 5127 lis·

123 5147 183 5188 rum
199 5136 291 5204 stirps.
313 5132 460 5205 heregisus
484 5133 582 5200 quippe
601 5131 687 5185 saneti
708 5127 811 5183 Arnulll
839 5127 910 5183 hlius
963 5125 1059 5182 tiseou.
1075 5143 1119 5181 an.
1136 5125 1232 5182 622ae
1268 5131 1568 5190 utinamorteiaterllt.

120 5217 232 5261 ,astarem
248 5200 453 5274 dusitBeggam
470 5199 683 5271 Prppiniiiliam,
699 5211 798 5269 exqua
817 5212 909 5253 susee-
997 5194 1054 5250 up„
1083 5198 1211 5252 suburbio
1254 5200 1359 5261 alhensi,
1386 5200 1555 5271 Salar-liora,
1578 5207 1657 5275 ⁰²¹3ss
1676 5208 1756 5266 urhis

145 5272 165 5325 it
185 5272 323 5342 Plppiuum
346 5270 581 5334 lierrstallensem,
600 5271 647 5340 qui
664 5278 739 5338 pater
759 5268 808 5323 luit
821 5266 908 5322 Caroli
962 5265 1048 5323 luerat
1060 5268 1213 5338 episeopus,
1235 5269 1279 5324 ubi
1293 5279 1380 5325 exstat
1393 5271 1498 5327 abbatia
1516 5273 1621 5334 ordinis
1636 5278 1753 5338 Benedi-

124 5287 252 5421 Klartelli,
277 5357 309 5397 es
324 5359 377 5414 quo
398 5351 474 5400 ortus
492 5353 534 5397 est
553 5340 681 5410 Pippinus
697 5339 804 5403 llreris,
820 5337 909 5394 caroli
961 5337 1025 5444 etipi
1038 5338 1088 5393 sub
1101 5340 1304 5408 congregatione
1317 5343 1403 5397 sancti
1420 5342 1516 5398 Vitunl.

124 5408 322 5559 Mafgcssraptteada
342 5490 416 5537 vetos
437 5491 478 5537 est
496 5454 674 5549 batinariugiae
691 5489 818 5544 castrum,
838 5492 909 5534 nune
997 5473 1007 5528 i
1025 5407 1304 5534 gglltfetssc'trrtl'bmssdrr
1319 5481 1421 5562 aliquot
1443 5482 1503 5550 h'd.,
1529 5481 1660 5542 Sadasara
1673 5491 1756 5561 episc.

126 5549 255 5630 irs-mcum
271 5549 406 5630 reductum
420 5563 448 5606 et
461 5553 504 5605 ris
519 5561 622 5610 notura,
639 5550 672 5603 ad
688 5549 909 5630 liosellam,ses·
961 5545 1122 5613 Tolosanum
1136 5550 1186 5615 al,
1197 5549 1355 5630 etSedoerrs.
1369 5552 1517 5619 Armoinus,
1530 5553 1576 5608 hh.
1591 5571 1619 5613 rr
1634 5570 1696 5628 cap.
1712 5560 1758 5626 ll,

124 5618 479 5699 qutieucadrstansal‘oale
492 5619 910 5685 liuntlonissersusNanerrmu,
964 5617 1079 5673 sedatas
1099 5617 1275 5674 Tholosarrum
1298 5623 1442 5692 episcopus.
1468 5623 1569 5679 chaun.
1592 5638 1622 5682 et
1649 5631 1757 5695 eorm,

125 5691 204 5763 striga
217 5689 358 5759 Superque
378 5687 490 5759 dietum,
506 5690 575 5748 haud
593 5690 683 5762 procul
696 5704 709 5743 a
722 5689 847 5747 Custodia
860 5689 907 5744 bei
965 5688 1079 5743 Senecas
1092 5693 1166 5743 coire.
1193 5688 1334 5748 Elasuuas.
1349 5690 1428 5749 locst
1443 5693 1488 5765 qui
1501 5704 1572 5751 auno
1588 5700 1759 5766 rameslensi
