3794 6128
672 243 703 307 S.
723 245 902 309 enudetur
921 244 1088 307 EPISGOPI
1107 245 1342 310 TURONENSIS
1813 254 1873 319 leue

451 368 574 430 CAPUT
588 370 682 471 XIX..
987 375 1014 433 A
1323 375 1445 437 CAPUT
1467 376 1574 437 XXIII.

398 461 437 514 De
449 465 586 516 ceretroeto
600 465 625 516 et
640 476 716 518 caco.
1249 477 1288 530 De
1296 490 1366 531 cacco
1383 492 1416 532 oc
1428 476 1514 532 debili
1522 478 1641 532 sanetis.

167 555 306 615 Litoreus
321 567 333 595 ¹
347 559 443 615 autem
457 559 587 631 quidam,
609 574 646 617 01
673 558 795 619 infantia
820 574 872 618 5¹¹³
895 574 984 618 mem·
1066 574 1160 632 1128
1176 578 1235 637 Nec
1255 578 1389 655 dissimili
1414 582 1520 641 virtute
1545 580 1654 640 mulier
1673 580 1871 659 Ermegundis,

131 643 192 704 ¹³¹ss
214 643 329 714 debili&
349 647 501 705 leffideffle
524 647 605 705 flble
630 655 754 705 Cfflfflffls
778 655 841 706 ⁰⁸¹³
873 648 921 707 sed
947 648 983 706 ³st
1025 663 1241 724 Anderarensis
1267 667 1351 737 civis,
1377 667 1434 726 vici
1462 668 1557 727 incola
1583 667 1758 729 Croriensis
1779 686 1872 739 acon·

130 731 444 807 superiorem‘veniens
467 733 664 803 festivitatem,
691 734 807 794 directis
833 736 981 807 membris,
1025 759 1112 812 meg,
1133 769 1166 813 ac
1182 769 1267 816 cm,
1282 755 1312 813 jn
1328 755 1382 814 pac
1403 755 1558 814 festivitate
1578 750 1699 821 firmem·
1727 757 1872 818 illumina.

130 823 242 883 lumine
262 828 357 882 [³111ssss
374 823 469 882 ³thss
484 824 600 897 dempto
613 824 745 884 discessit
773 825 828 885 Sed
853 842 921 885 ⁰¹1¹ss
946 825 982 883 ad
1024 845 1109 916 teque
1123 841 1262 901 discessit.
1279 841 1335 901 Sed
1348 849 1375 900 et
1388 843 1615 916 charimundus,
1634 861 1673 903 ex
1685 844 1870 906 bricilonno·

130 909 207 1013 benc
224 910 332 1012 iterum
348 927 497 1012 Neritius¹
521 912 623 970 fuisset
642 911 864 984 ffllelssssilllefflt
887 928 983 973 exem·
1023 928 1128 989 debilis
1140 931 1272 1001 veniens,
1293 931 1401 991 rirtute
1412 932 1486 991 beati
1501 932 1647 993 Antistitis
1665 934 1871 1010 redintegratus

130 1007 188 1078 plu
203 1003 338 1075 tenebrae,
358 1000 457 1062 lumen
473 1019 499 1061 er
509 1002 622 1062 clarum
637 1003 769 1063 exoritur
782 1006 803 1061 ⁵.
1022 1023 1075 1076 est,

459 1117 578 1177 CAPUT
592 1118 656 1177 XX.
1241 1120 1246 1129 ·
1334 1089 1457 1150 CAPUT
1467 1090 1570 1151 XXIV.

415 1206 481 1260 ilem
496 1204 530 1258 de
545 1205 600 1258 olio
617 1219 693 1260 ceco.
1119 1194 1157 1246 De
1168 1192 1301 1262 plumis
1320 1194 1396 1247 each
1415 1195 1656 1264 energumenisque
1668 1198 1791 1253 sonatis

167 1293 201 1354 ln
226 1294 280 1353 bac
307 1293 394 1354 etiam
419 1294 573 1354 testivitate
594 1301 622 1353 et
640 1294 810 1353 Leudardus
836 1306 856 1366 0,
881 1310 983 1355 servus
1059 1294 1093 1353 ln
1107 1295 1198 1368 huJus
1212 1296 1298 1354 etiam
1313 1295 1504 1357 solemnitatis
1519 1298 1565 1357 die
1576 1298 1720 1358 virtutem
1736 1299 1870 1368 nonnulli,

72 1417 74 1421 ι
133 1382 682 1455 EmneriiNamneticaeurbisdiaconi,
703 1402 836 1460 comper
859 1402 909 1445 ser
928 1402 983 1444 arr·
1026 1390 1194 1457 cooperante
1217 1383 1323 1442 Christi
1347 1385 1448 1457 gratia,
1466 1392 1683 1460 persenserunt.
1711 1387 1784 1447 Nam
1810 1390 1869 1449 Leo·

132 1488 186 1534 nos
200 1475 557 1535 raecitatisluissetcatena
572 1476 757 1545 constrictus,
779 1478 814 1535 ad
834 1476 982 1535 basilicam
1026 1472 1193 1531 demundus
1214 1487 1308 1532 caecus
1332 1479 1395 1546 post
1420 1480 1528 1548 septem
1553 1491 1647 1535 annos
1672 1475 1711 1535 ad
1735 1476 1868 1539 basilion

126 1564 272 1632 accedeus,
289 1565 396 1625 virtute
416 1566 491 1624 beati
518 1565 695 1625 Coniessoris
719 1564 904 1625 illuminatus
929 1572 981 1624 est.
1026 1562 1137 1634 praelati
1150 1561 1297 1621 Antistitis
1310 1563 1443 1634 veniens,
1463 1564 1561 1624 visum
1575 1566 1697 1642 recepit.
1713 1564 1752 1626 lit
1765 1573 1818 1628 tres
1829 1570 1868 1628 in·

130 1649 185 1710 Per
197 1650 341 1711 visionem
355 1651 433 1711 enim
448 1651 555 1710 somnii
573 1651 740 1710 admonitus
764 1651 857 1712 luerat
869 1658 902 1710 ut
926 1652 983 1713 bu·
1025 1667 1113 1725 super
1133 1653 1184 1712 alii
1209 1653 1278 1712 caeci
1293 1655 1300 1693 i
1314 1654 1345 1712 in
1363 1654 1417 1713 hac
1432 1655 1585 1715 festivitate
1608 1658 1712 1717 risum
1735 1673 1786 1733 per
1797 1675 1866 1734 opem

127 1738 179 1815 ius
190 1741 281 1801 sancti
295 1741 407 1801 auxilia
420 1741 560 1815 llagitaret
573 1741 731 1800 Antistitis.
992 1727 1102 1801 Bbeati
1116 1742 1262 1802 Antistitis
1283 1749 1462 1818 receperunt,
1485 1751 1513 1804 et
1535 1746 1733 1822 energumeni
1753 1747 1865 1824 plerique

448 1857 570 1919 CAPUT
587 1857 664 1918 XXI,
1026 1831 1158 1891 mundati
1173 1840 1251 1893 sunt.

128 1951 168 2007 De
185 1950 301 2019 eulogiis
323 1966 392 2021 quos
421 1952 575 2007 hlotharius
596 1953 663 2006 cieris
688 1952 836 2005 iteraturus
860 1952 982 2007 sustulit.
1338 1922 1461 1985 CAPUT
1472 1926 1561 1987 XXV.

170 2043 265 2101 1127
279 2045 405 2118 Quidam
418 2046 454 2106 de
466 2047 580 2107 civibus
599 2046 762 2116 Turonicis,
788 2047 859 2107 dum
883 2050 918 2108 ad
935 2065 983 2107 re·
1265 2024 1303 2078 ΠΕ
1313 2026 1408 2095 imina
1424 2026 1529 2095 “febre
1541 2033 1653 2084 Sanam·

128 2132 174 2208 gis
198 2143 362 2209 properaret
384 2152 549 2203 occursum,
566 2152 617 2194 ras
633 2152 700 2195 cum
724 2134 801 2205 vino,
828 2152 982 2213 unumque
1058 2126 1164 2187 Leonis
1179 2129 1338 2206 presbyteri
1352 2134 1442 2192 nostri
1466 2134 1631 2206 vernacula,
1652 2151 1723 2195 cum
1737 2137 1772 2195 ad
1791 2137 1865 2197 villu·

128 2235 234 2296 panem
248 2221 284 2281 ad
313 2223 480 2297 sepulcrum
500 2239 560 2283 upa
586 2239 760 2284 mansurum
785 2233 867 2284 nocte
892 2225 981 2300 depo·
1024 2217 1081 2276 lam
1097 2219 1161 2277 urbi
1177 2221 1340 2294 proximam
1355 2224 1551 2297 parentalibus
1570 2226 1649 2284 ulnis
1669 2226 1865 2302 deportatast·

126 2305 197 2379 suit,
211 2317 243 2368 ut
259 2310 367 2370 scilicet
385 2313 415 2369 in
434 2312 539 2371 itinere
552 2312 663 2386 positus
681 2313 735 2372 boc
752 2314 869 2373 baberet
881 2312 983 2371 salutis
1024 2310 1162 2377 cessisset,
1180 2312 1208 2368 ri
1223 2313 1311 2371 labris
1324 2314 1508 2388 opprimitur,
1526 2322 1554 2373 et
1568 2317 1616 2375 die
1639 2334 1675 2376 ac
1691 2328 1776 2379 noete
1797 2320 1866 2379 valde

129 2401 307 2475 presidium.
327 2402 440 2473 Quibus
460 2403 568 2461 exinde
595 2405 761 2478 assumptis,
787 2404 842 2464 iter
869 2421 984 2478 carpere
1025 2406 1167 2457 commota
1190 2399 1220 2458 in
1248 2401 1349 2460 mortis
1367 2401 1534 2462 discrimine
1558 2406 1701 2466 cernitur.
1719 2408 1811 2478 Quam
1831 2408 1867 2467 ri·

131 2491 227 2564 coeptr.
258 2490 378 2549 Factum
405 2496 568 2549 astantem
596 2497 628 2548 nt
658 2499 797 2551 metatum
823 2493 982 2568 requirens,
1025 2486 1097 2544 dens
1125 2485 1274 2560 presbyter
1306 2489 1469 2548 exanimari
1493 2490 1631 2551 violentia
1667 2495 1773 2569 morbi,
1800 2502 1867 2555 nocte

129 2579 257 2640 bominis
282 2581 434 2653 eujusdam
453 2581 653 2653 ingrederetur
677 2580 847 2654 hospitium,
870 2582 983 2655 deposi—
1025 2591 1144 2635 ascenso
1172 2576 1269 2650 equite
1305 2578 1379 2651 [Ed.
1414 2587 1510 2654 equol,
1543 2581 1578 2641 ad
1611 2583 1765 2643 basilicam
1792 2586 1867 2644 seneli

129 2668 225 2743 tisquo
245 2667 376 2739 sarcinis,
397 2668 506 2726 mulier
534 2683 600 2740 qum
626 2666 750 2726 habebat
774 2669 909 2742 spiritum
929 2669 982 2727 im·
1026 2665 1203 2725 Conlessoris
1223 2668 1350 2738 accessit,
1372 2669 1548 2743 pulsansque
1569 2672 1681 2732 ostium
1701 2674 1822 2742 cellola,
1844 2676 1867 2733 in

130 2758 285 2828 mundum,
300 2758 376 2816 beati
391 2757 508 2816 blartini
523 2759 682 2818 adrentum
699 2759 986 2818 vocibusinrmensis
1027 2771 1084 2831 qua
1108 2756 1234 2816 edituus
1259 2758 1432 2830 quiescebat,
1453 2760 1551 2821 virum
1577 2763 1719 2823 suscitare
1741 2766 1867 2840 nequitie

128 2847 306 2906 annuntiare
325 2847 420 2931 coepit,
435 2855 462 2904 ct
478 2846 572 2905 dicere
592 2866 598 2905 ε
615 2847 690 2917 Quid
716 2862 769 2905 nos
793 2850 984 2923 persequeris,
1028 2845 1158 2920 Cumque
1172 2846 1321 2906 basilicam
1337 2855 1464 2908 sanctam
1481 2850 1595 2924 ingredi
1624 2868 1684 2911 non
1700 2852 1818 2925 valeret,
1837 2869 1868 2912 ro

131 2935 258 2997 &nelei
275 2936 351 3013 'quid
372 2953 426 2997 nos
440 2938 561 3007 crucias,
578 2954 659 2996 serre
683 2938 758 2997 bert
784 2937 865 2996 Tunc
883 2938 986 3012 hospes
1027 2949 1090 2992 ram
1116 2935 1215 2994 absida
1246 2937 1371 3011 sepulcri
1402 2940 1477 2998 ludit
1510 2940 1674 3001 orationem
1710 2943 1868 3017 cultorque

130 3025 245 3103 illequi
266 3034 394 3094 venerat,
417 3033 533 3101 accepto
553 3028 652 3099 calice,
679 3026 893 3102 paululumque
922 3029 984 3086 νίιιί
1027 3040 1182 3099 parumper
1196 3027 1231 3084 de
1254 3027 1372 3100 pulvere
1399 3034 1522 3100 terreno,
1538 3030 1615 3103 quod
1631 3046 1733 3090 secum
1751 3031 1868 3110 lideple·

131 3113 169 3173 de
182 3113 233 3172 illo
249 3129 316 3172 vase
332 3116 477 3185 auterens,
495 3115 621 3172 lrustutu
642 3114 784 3173 benedicti
810 3117 895 3189 panis
914 3118 926 3153 ¹¹
942 3117 984 3174 ei·
1029 3113 1202 3183 nuserexit,
1219 3129 1347 3186 eumque
1366 3114 1505 3185 dilutum,
1520 3123 1554 3175 ut
1569 3116 1711 3190 puellulae
1730 3117 1767 3177 ad
1781 3119 1867 3177 hiben-

132 3202 256 3263 fractum
275 3205 370 3279 posuit
385 3205 414 3263 in
438 3220 483 3263 eo.
499 3204 581 3273 Quod
599 3204 649 3264 ubi
665 3204 771 3263 mulier
783 3204 833 3263 illa
847 3222 913 3280 queo
934 3205 986 3264 do·
1026 3201 1095 3260 dum
1117 3203 1247 3279 protulit,
1261 3204 1395 3276 protinus
1409 3204 1496 3264 febris
1506 3205 1656 3265 abscessit.

132 3288 326 3351 bacchabatur
340 3290 459 3364 accepit,
475 3305 555 3362 mox,
570 3305 638 3349 cum
660 3288 803 3365 sanguine
826 3292 915 3365 ejecto
931 3291 987 3348 dae-
1334 3329 1455 3390 CAPUT
1469 3327 1561 3389 XXVI

134 3381 244 3453 monio,
257 3381 366 3441 saltata
381 3388 433 3442 est.
455 3381 521 3439 Alia
537 3380 569 3439 in
584 3381 685 3441 eodem
713 3382 775 3441 loco
795 3383 900 3442 mulier
920 3399 986 3458 qum
1564 3372 1572 3388 ’

134 3469 186 3532 diu
200 3488 216 3529 a
233 3472 340 3545 frigore
361 3471 431 3546 [Al.,
448 3486 464 3528 a
489 3469 653 3545 frigoribus]
681 3470 807 3530 lebriurn
821 3471 985 3545 aegrotabat,
1279 3525 1282 3529 ,
1863 3540 1868 3552 .

133 3568 247 3636 accepto
259 3562 295 3620 ab
315 3560 369 3620 bac
389 3560 589 3620 benedictione
620 3561 741 3633 modico,
767 3577 837 3620 mox
851 3566 884 3620 ut
907 3577 984 3620 sum·
1071 3541 1295 3604 1129F1¹⁹l³l
1322 3545 1407 3604 1¹0bi⁸
1431 3561 1518 3605 eflusa
1542 3544 1681 3619 quaedam
1708 3544 1870 3637 Gffildeffl

134 3650 201 3727 psit,
217 3658 316 3710 sanata
329 3658 381 3711 esp,
1030 3634 1107 3708 regis
1121 3633 1201 3692 adire
1222 3635 1417 3709 praesentiam.
1442 3634 1634 3708 Pergantibus
1657 3648 1778 3709 quoque
1791 3632 1869 3699 nobu,

449 3727 571 3787 CAPUT
583 3727 677 3787 XXII.
1030 3723 1085 3782 iter
1099 3739 1149 3797 per
1163 3739 1270 3797 pagum
1284 3723 1479 3785 Rhemeusem
1494 3724 1624 3799 aggressi
1641 3740 1761 3797 sumus,
1777 3722 1869 3798 reperi·

395 3816 443 3871 {te
461 3820 597 3870 contracto
608 3816 720 3872 directo.
1031 3828 1156 3887 musque
1167 3814 1317 3874 bominem
1330 3814 1485 3888 quemdam
1498 3815 1549 3889 qui
1561 3814 1647 3875 nobis
1658 3816 1753 3876 relatu
1768 3830 1819 3875 suo
1830 3827 1870 3888 pr·

175 3911 317 3974 Sillurius
332 3927 344 3953 ⁰
367 3911 461 3971 incola
475 3911 675 3985 baiocassinos
692 3926 759 3970 curn
780 3911 812 3969 in
827 3927 894 3971 rure
913 3912 990 3986 posi·
1032 3903 1168 3962 telettum
1181 3919 1325 3962 carcerem
1340 3904 1430 3978 huius
1444 3905 1534 3975 urbis,
1551 3904 1581 3963 in
1596 3922 1657 3981 quo
1672 3908 1751 3966 inter
1764 3906 1870 3981 reliquo

140 4007 187 4063 tus
215 4008 381 4077 operaretur
412 4000 563 4077 quiddam,
590 4007 733 4061 commoto
765 4008 861 4073 vento,
887 4018 991 4076 pavore
1032 3995 1143 4054 vinctos
1168 3995 1258 4068 huius
1287 3993 1417 4053 famulus
1445 3995 1604 4067 tenebatur,
1634 3996 1753 4056 Martini
1783 3999 1870 4054 virtute

138 4092 299 4170 perculsus,
322 4098 443 4151 tremere
466 4091 561 4165 coepit,
585 4107 617 4150 ac
635 4093 772 4152 memhris
787 4091 923 4151 omnibns
942 4093 992 4149 sle.
1032 4084 1123 4143 luisse
1135 4083 1262 4152 diceban
1279 4083 1451 4157 vinctosque
1459 4084 1495 4142 ab
1512 4084 1658 4156 ergastulo
1678 4076 1830 4151 absolutos,
1842 4081 1869 4139 li·

138 4180 229 4248 elitui,
258 4180 407 4240 vociferari
429 4180 527 4251 etiam,
555 4185 583 4239 et
608 4180 663 4239 sibi
689 4189 811 4241 mortem
838 4182 992 4240 imminere
1031 4175 1173 4249 berosque
1185 4173 1357 4233 abscessisse
1381 4175 1518 4234 narravit.
1537 4174 1605 4233 Erat
1621 4176 1703 4235 enim
1719 4170 1869 4251 huiusmodi

138 4267 308 4328 testabatur.
335 4266 448 4326 Interea
475 4267 715 4327 concurrentibus
740 4267 846 4326 vicinis
868 4267 903 4326 ad
931 4283 992 4341 spe
1031 4280 1128 4323 carcer
1148 4265 1185 4322 ita
1199 4270 1300 4335 tectus,
1318 4270 1351 4323 ut
1366 4278 1454 4338 super
1466 4270 1577 4322 struem
1591 4264 1745 4337 tignorum
1755 4279 1821 4323 ants
1831 4276 1869 4319 ra·

138 4358 285 4416 ctuculum
304 4354 359 4414 tale
374 4361 393 4424 ¹,
414 4356 475 4428 ipse
488 4355 565 4414 inter
580 4371 663 4414 rores
678 4363 706 4414 et
722 4355 864 4427 ululatus,
878 4363 990 4414 contra·
1033 4353 1083 4412 lidi
1098 4353 1271 4428 superpositi
1294 4352 1507 4428 pulpitarentur
1516 4363 1536 4425 t,
1550 4368 1584 4411 ac
1600 4353 1740 4429 desuper,
1755 4354 1806 4429 qui
1820 4365 1868 4410 eoe-

139 4445 194 4506 ctis
207 4446 316 4516 nervis,
332 4443 499 4504 debilitatur
511 4444 547 4503 ad
560 4444 708 4516 integrum
721 4464 730 4516 ;
744 4453 772 4503 et
783 4461 842 4504 non
856 4446 953 4505 solum
965 4446 1021 4507 eil)
1033 4442 1099 4502 dem
1113 4444 1319 4517 opprimerent,
1335 4442 1464 4517 insignes
1480 4444 1596 4503 luerent
1621 4444 1734 4518 lapides
1749 4439 1867 4503 collocati.

141 4550 214 4596 usus
234 4536 351 4595 aurium
368 4534 536 4606 denegatur,
553 4534 742 4607 yerumetiam
755 4542 783 4594 et
804 4535 865 4607 ipso
881 4534 994 4593 lumine
1035 4531 1233 4591 Nihilominus
1245 4535 1272 4589 ct
1287 4530 1394 4589 ostium
1411 4531 1531 4589 carceris
1543 4546 1607 4590 sera
1621 4532 1699 4591 ierro
1710 4526 1869 4601 munitaob

140 4626 235 4683 caruit
243 4623 420 4683 occulorum.
436 4622 503 4682 Post
513 4622 681 4696 quindecim
696 4639 762 4683 vero
772 4639 865 4683 annos
878 4623 946 4683 dum
961 4624 993 4681 io
1034 4619 1120 4678 ducto
1133 4618 1213 4677 clare
1227 4617 1342 4693 pessulo
1362 4617 1548 4678 obserabatur
1563 4642 1570 4677 ε
1594 4619 1646 4677 sed
1660 4621 1756 4678 virtus
1769 4616 1867 4677 Antisti·

141 4713 197 4774 bac
209 4713 378 4772 infelicitate
394 4713 518 4786 degeret,
541 4713 577 4771 ad
595 4713 782 4772 testivitatem
804 4714 894 4772 sancti
917 4713 994 4772 blar-
1034 4712 1080 4781 tis,
1098 4716 1130 4769 ut
1143 4711 1204 4785 ipse
1224 4709 1327 4769 relator
1342 4708 1465 4768 asseruit
1489 4708 1597 4782 lapides
1618 4704 1867 4781 dimoriedisjeol

141 4801 197 4862 tini
213 4800 381 4874 adveniens,
404 4799 533 4860 solidatis
547 4800 697 4875 membris,
719 4800 871 4877 oculisque
896 4816 993 4873 recep·
1036 4800 1155 4875 pulpita,
1169 4807 1283 4860 catenas
1296 4799 1447 4873 confregit,
1461 4806 1491 4858 et
1509 4799 1618 4858 trabem
1633 4814 1702 4873 quae
1727 4799 1887 4858 sincerum.

143 4890 191 4966 tis,
205 4889 350 4950 abscessit.
1036 4892 1195 4952 coarctabat
1210 4891 1308 4966 pedes,
1318 4890 1440 4966 aperuit,
1454 4904 1489 4948 ac
1501 4903 1556 4948 nec
1569 4892 1700 4947 reserato
1713 4882 1865 4946 ostiohoui·

1268 3432 1307 3484 De
1318 3431 1478 3485 carcerariis
1494 3430 1638 3487 absolutis.

172 5018 267 5073 ⁸1bllti
286 5030 349 5072 cum
373 5016 450 5077 clar..
474 5016 605 5073 litoreus.
732 5040 738 5050 ·
1038 5033 1100 5084 cap.
1116 5021 1154 5072 li.

172 5090 257 5144 ‘bles
271 5088 382 5154 allquot‚
396 5087 496 5140 lumini
509 5088 590 5144 dotus
605 5090 738 5145 crentur.
1069 5090 1081 5121 ⁸
1097 5091 1173 5144 Varla
1185 5091 1213 5141 ln
1227 5091 1311 5144 rarllt
1325 5090 1408 5143 Godd.
1427 5087 1564 5140 serlbltur.
1582 5086 1626 5139 ste
1642 5086 1724 5141 baud.
1747 5092 1775 5142 et
1795 5084 1865 5139 colit

173 5161 282 5223 ‘Edtth
315 5158 469 5214 humidus
493 5173 585 5215 seruus
604 5161 728 5215 Emaeri.
759 5163 832 5218 dolb.
861 5165 888 5223 et
914 5162 995 5227 clar„
1037 5165 1064 5215 at
1090 5161 1156 5214 bell.
1180 5166 1208 5213 et
1233 5162 1310 5222 chr..
1337 5160 1511 5214 Briotttonao.
1531 5157 1606 5220 iret,
1625 5156 1868 5213 brieiolonaodd.

144 5232 281 5285 bermerii.
1037 5231 1212 5285 Brtdtomno.
1231 5234 1256 5283 8.
1275 5232 1312 5292 a,
1325 5230 1508 5285 Briseteonno.
1527 5224 1870 5296 premonstratensem

175 5304 274 5367 ⁴llct,
315 5307 471 5360 crustum...
507 5304 663 5367 effractum
701 5303 757 5370 alll,
793 5305 915 5373 sautu...
954 5307 992 5370 es·-
1035 5303 1146 5365 tno,rel
1165 5301 1342 5355 bmcteamt.

141 5372 263 5440 troam..
1066 5372 1179 5432 tuane..
1205 5371 1279 5435 bell,
1301 5373 1369 5426 cur.
1393 5374 1420 5424 et
1439 5370 1517 5424 Golb.
1546 5368 1666 5424 babent:
1688 5366 1872 5425 deodatum

175 5447 274 5509 ⁰oat,
301 5444 450 5501 Sillima'us.
477 5447 556 5511 elan,
584 5445 733 5500 llicluor'us.
767 5447 847 5507 leuitt,
877 5446 996 5501 Similh‘·
1036 5459 1120 5500 cocus
1145 5448 1204 5508 post
1232 5448 1334 5508 septem
1358 5455 1454 5506 aanor,
1471 5441 1610 5496 venneto
1631 5444 1693 5507 post
1709 5447 1774 5507 tres,
1793 5446 1816 5496 et
1830 5442 1872 5491 lm

144 5517 229 5571 mites.
1036 5517 1150 5580 insopor
1164 5515 1216 5568 olii
1227 5516 1288 5569 caci
1298 5516 1330 5570 in
1345 5515 1404 5575 hoc,
1422 5518 1474 5569 ete.

176 5588 252 5650 ted..
264 5591 456 5656 spectaculum,
474 5602 523 5656 per
532 5588 588 5643 iter
599 5588 665 5657 ipse.
1068 5588 1163 5650 lAlll,
1191 5584 1432 5641 praesentiat...
1468 5582 1648 5650 palpitarent.
1682 5584 1780 5641 llosua
1811 5578 1868 5637 hdie

175 5661 296 5728 eblum,
334 5659 501 5717 broniensis.
538 5662 596 5726 Alii,
628 5658 791 5716 drocensis.
825 5663 886 5718 lide
914 5674 996 5728 supra
1037 5658 1151 5722 medon
1167 5659 1302 5725 pulpitum
1315 5660 1470 5724 qulppeeet
1484 5657 1549 5711 teeti
1562 5654 1715 5721 inustum.
