3794 6128
117 236 158 299 rs
893 232 1102 299 meruero.
1551 228 1555 237 '
1599 248 1602 253 ¹
1737 259 1740 269 ·
1836 218 1874 295 stt

117 360 284 441 piaculares
307 360 426 430 bodies,
456 366 491 423 ut
515 360 583 423 aliis
625 362 697 423 locis
732 362 842 439 saepius
867 360 1141 436 iectumdquenter
1162 361 1271 423 retulit.
1293 360 1464 423 Gbrlsmatie
1482 358 1714 423 benedictionem
1731 362 1771 423 eb
1790 364 1883 441 opis--

117 454 211 517 brisse
223 451 306 513 docet
319 450 397 512 idem
420 452 587 529 Gregorius.
603 452 727 528 Corpora
741 467 811 512 vero
824 448 978 511 deirrncto-
1017 448 1096 525 copis
1120 450 1225 511 iactum
1246 466 1306 511 non
1331 450 1421 511 semel
1444 448 1553 523 laudet,
1580 450 1655 511 sicut
1681 454 1710 511 et
1727 450 1872 513 ebdom&

118 560 189 605 rum
213 542 308 603 ablata
333 543 473 619 primum,
498 549 562 604 tum
582 544 686 603 induta
700 542 924 617 sepeliebantur,
948 548 977 601 et
1017 539 1135 609 tionem,
1158 554 1225 613 quae
1239 540 1275 599 ad
1290 540 1470 615 recipiendos
1489 541 1522 600 in
1545 540 1703 601 Ecclesiam
1716 542 1872 605 redeuntes

118 634 241 713 quidem
264 633 345 693 baud
369 650 434 693 raro
456 634 487 693 in
516 632 667 693 ecclesiis:
696 633 773 708 quod
797 632 884 691 etiam
910 632 976 692 aliis
1017 629 1167 688 haereticos
1179 628 1380 690 adhibebatur.
1403 628 1513 689 Laudat
1524 631 1610 690 etium
1625 630 1702 699 illue,
1717 634 1768 703 qui
1781 634 1872 691 nucu

118 730 227 801 praeter
238 723 387 798 episcopos
400 729 429 782 et
447 723 591 798 principes
608 722 655 781 lris
668 720 847 795 temporibus
861 722 893 781 in
906 720 976 782 Gal·
1016 722 1118 776 venilia
1130 724 1284 790 consignati
1298 720 1385 778 tidem
1398 736 1482 779 suam
1503 719 1639 793 operibus
1656 718 1869 803 approbabantr

119 812 171 873 liis
185 812 411 887 permittebatur.
430 811 755 872 Excommunicatorum
771 826 840 871 vero
863 817 891 870 et
907 810 975 870 inii·
1017 814 1044 865 et
1057 807 1256 867 Glriodoveum
1269 826 1366 879 regem
1378 827 1395 868 a
1408 810 1540 885 Remigio
1553 809 1731 868 Francorum
1740 808 1870 885 apostolo

119 902 233 961 delium
249 901 388 959 cadavera
409 916 469 959 non
483 900 579 960 solum
603 901 639 960 ab
663 901 801 963 ecclesiis.
820 900 869 958 sed
889 900 975 958 etium
1017 911 1074 953 uon
1100 896 1275 970 baptizatum
1303 900 1398 970 modo,
1421 898 1518 957 sedet
1538 916 1615 955 sacro
1637 901 1783 959 rimato
1807 916 1870 959 orn

117 1006 138 1049 a
165 988 370 1049 communibus
405 988 537 1047 fidelium
573 989 744 1048 cmvneteriis
780 989 974 1048 arcebantur:
1016 990 1158 1057 sipnacnlo
1183 993 1271 1046 ernau
1297 991 1399 1047 ceneten·
1425 990 1513 1048 inisse
1533 990 1683 1047 &libertam
1706 982 1869 1053 attestetur.¹

117 1080 196 1153 quin
223 1086 251 1138 et
274 1078 419 1137 Palladius
437 1094 543 1152 comm,
559 1078 610 1153 qui
635 1094 665 1137 se
692 1079 753 1152 ipse
778 1079 974 1147 interemerat,
1017 1075 1095 1133 luter
1109 1077 1281 1152 episcopalia
1297 1079 1396 1137 vnuvria
1413 1095 1480 1154 quae
1499 1078 1632 1137 Promoto
1647 1078 1778 1141 Dunenei
1792 1070 1870 1145 mels

113 1168 203 1239 juata
219 1169 437 1225 cenationes-nm
450 1168 585 1225 cadavera
599 1168 708 1242 positus
725 1182 784 1225 non
799 1167 862 1225 luit.
887 1168 976 1238 aqna
1016 1165 1147 1226 ordinato
1171 1169 1302 1242 episcopo
1317 1170 1494 1230 interdicunt
1517 1170 1613 1229 Patres
1630 1170 1751 1231 Concilii
1763 1182 1797 1231 lv
1810 1170 1866 1233 ea·

119 1256 267 1312 benedicte
281 1270 369 1314 usum
391 1257 427 1314 nd
451 1256 565 1315 morbos
591 1256 758 1327 abigendos,
778 1254 926 1314 miraculis
948 1262 975 1313 et
1016 1256 1155 1327 risiensis,
1168 1266 1333 1318 recensetur
1346 1264 1497 1330 inerrantium
1509 1264 1687 1333 confirmatio.
1700 1258 1783 1321 idem
1794 1260 1868 1323 Gre-

117 1352 285 1403 sanctorum
299 1346 429 1405 virorum
442 1346 584 1419 exemplis
598 1344 762 1417 legitimum
774 1344 928 1402 luissenon
942 1343 974 1401 in
1016 1348 1114 1417 gorius
1139 1349 1374 1410 littoreismorum
1399 1351 1431 1409 in
1453 1352 1599 1411 daemones
1622 1351 1682 1409 vim
1702 1365 1762 1411 nen
1777 1348 1869 1411 wmsl

118 1447 181 1493 uno
194 1433 256 1493 loco
271 1434 372 1507 probat
384 1434 551 1507 Gregorius,
567 1435 618 1507 qui
633 1440 661 1491 et
676 1433 782 1507 passim
797 1434 832 1491 de
845 1433 912 1492 aliis
927 1450 971 1491 re·
1014 1438 1153 1509 exponit.
1170 1438 1356 1512 TonsuratoS,
1371 1440 1500 1509 lectores,
1514 1440 1656 1506 ostiarios,
1670 1438 1868 1513 centenam.
1884 1450 1887 1457 '

116 1520 177 1581 bus
200 1522 369 1582 sacerdotali
397 1521 597 1581 benedictione
621 1523 744 1581 munitis
770 1524 906 1599 loquitur.
932 1522 973 1581 lle
1014 1524 1206 1585 subdiaconos
1220 1526 1349 1600 aliosque
1369 1528 1533 1601 superiores
1556 1527 1729 1588 clericorum
1747 1524 1866 1603 gradus,

116 1612 271 1673 benedicto
293 1628 367 1687 pane
386 1630 438 1672 seu
453 1612 667 1689 eulogiisque
690 1613 745 1672 sub
762 1614 850 1672 linem
877 1612 973 1673 llissae
1014 1628 1082 1671 cum
1110 1630 1171 1672 sese
1195 1614 1279 1673 oliert
1303 1616 1423 1686 occasio,
1459 1619 1683 1675 commemorat:
1713 1604 1867 1677 interstitia

116 1702 377 1773 distribuebantur,
389 1703 452 1776 jam
471 1702 610 1761 diximus.
631 1706 764 1774 Euloptas
786 1720 902 1779 quoque
920 1709 1121 1784 seuBautem,
1144 1717 1211 1779 qum
1231 1702 1266 1761 ad
1282 1719 1331 1762 eos
1353 1704 1408 1762 rite
1432 1704 1630 1779 suscipiendos
1652 1703 1761 1765 servari
1778 1702 1868 1767 debs-

119 1792 317 1848 benedictiones
340 1798 489 1863 nuncupat
504 1790 671 1866 Gregorius,
686 1792 825 1867 quenlibet
846 1810 972 1854 munus·
1015 1797 1087 1861 rent,
1104 1807 1192 1864 supra
1205 1807 1243 1850 cx
1258 1790 1375 1851 Catonis
1389 1793 1549 1867 presbyteri
1560 1792 1656 1851 verbis
1665 1792 1866 1867 exposuimus.

118 1879 465 1941 eulansaccrdotibusin
481 1881 617 1941 amicitiae
642 1883 759 1955 signum
774 1883 840 1942 data
864 1885 910 1943 vel
924 1901 972 1944 ac·
1013 1880 1222 1955 Episcoporum
1251 1896 1321 1941 vero
1346 1880 1543 1940 ordinationes
1581 1880 1738 1939 Dominicis
1762 1878 1868 1942 diebus

118 1978 207 2044 cepta,
223 1970 301 2044 quod
314 1977 409 2030 essent
427 1977 533 2030 tessera
556 1972 690 2046 quaedam
706 1973 930 2043 communionis,
944 1980 973 2033 et
1013 1969 1102 2028 inisse
1116 1970 1272 2029 celebratas
1295 1986 1354 2029 non
1377 1969 1464 2028 semel
1483 1970 1592 2027 innuit.
1606 1968 1793 2043 AEgrotorum
1808 1984 1872 2030 un·-

118 2058 154 2117 ab
168 2059 240 2133 ipsis
253 2060 380 2117 solerent
392 2059 533 2117 benedici.
550 2060 637 2119 Nefas
650 2065 748 2118 autem
758 2067 818 2118 erat
831 2068 972 2134 praesente
1012 2058 1121 2115 ctiones
1135 2060 1241 2133 passim
1254 2059 1361 2118 laudat.
1377 2058 1458 2117 Certe
1468 2058 1518 2117 lib.
1531 2058 1643 2132 rcapite
1656 2056 1702 2127 tl,
1718 2056 1868 2123 Artemius

119 2148 265 2207 sacerdote
289 2148 452 2225 quidquam
479 2148 536 2208 cibi
563 2157 613 2208 am
640 2156 726 2223 potus
755 2164 883 2221 sumere,
914 2150 972 2210 nisi
1013 2145 1126 2219 legatus
1140 2148 1287 2205 Arvernos
1301 2148 1453 2218 transiens,
1469 2161 1536 2205 cum
1549 2146 1580 2205 in
1594 2146 1867 2221 lebrimincidissst,

119 2236 198 2311 prius
212 2236 249 2296 ab
264 2237 326 2311 ipso
339 2236 524 2297 benedictum
542 2236 652 2311 fuisset,
677 2253 764 2313 quem
789 2238 880 2296 ritum
895 2238 972 2298 Deus
1013 2251 1028 2293 a
1048 2235 1205 2310 Nepotiane
1220 2236 1353 2310 episcopo
1368 2237 1511 2305 visitatus,
1526 2244 1554 2295 et
1572 2240 1628 2293 oleo
1642 2242 1736 2295 sancto
1756 2227 1868 2313 peruu-

119 2330 223 2403 sepius
247 2328 397 2389 miraculis
412 2328 591 2402 comprobari
606 2328 710 2397 voluit,
724 2335 757 2387 ut
771 2344 809 2385 ex
834 2329 971 2403 Gregorio
1012 2331 1076 2385 ctus
1096 2325 1249 2384 sanitatem
1272 2326 1388 2400 recepit.
1404 2326 1590 2385 Matrimonia
1604 2343 1673 2387 vero
1694 2342 1763 2389 cum
1777 2326 1868 2389 bens-

119 2424 224 2489 nostro,
250 2418 375 2493 aliisque
401 2416 530 2492 antiquis
554 2417 721 2477 auctoribus
749 2417 900 2477 discimus.
931 2418 971 2478 De
1013 2414 1138 2473 dictione
1159 2414 1326 2474 sacerdotali
1348 2421 1492 2474 contracta
1509 2415 1599 2475 luisse
1623 2421 1701 2489 patet
1722 2430 1760 2475 ex
1786 2414 1869 2477 ebil-

119 2508 210 2565 crucis
231 2507 306 2582 signi
331 2508 456 2567 efficacia
481 2513 510 2567 et
531 2507 688 2567 virtutibus
704 2512 745 2566 tot
764 2512 832 2567 sunt
847 2508 972 2568 testimo·
1012 2502 1100 2576 periei
1113 2503 1866 2581 raegisadversusPraetextatumepiscopumquerels,

120 2594 165 2651 nia
178 2602 248 2668 quot
264 2596 323 2653 lere
336 2597 461 2671 paginae.
1012 2591 1087 2650 libro
1100 2604 1121 2649 v
1134 2592 1280 2661 Historiae,
1302 2594 1394 2667 capite
1416 2593 1458 2665 te,
1483 2592 1535 2652 ubi
1561 2609 1613 2652 rex
1645 2592 1689 2653 illi
1709 2594 1867 2669 expmbrat

152 2684 196 2744 57.
214 2682 304 2743 llulta
317 2686 387 2745 item
400 2688 485 2745 babet
496 2686 652 2761 Gregorius
666 2686 701 2744 de
718 2684 969 2745 sacramentorum
1011 2681 1195 2739 manifestam
1213 2697 1359 2741 canonum
1383 2681 1580 2753 violationem,
1601 2682 1680 2756 quod
1695 2682 1866 2749 ueroveuu

119 2772 374 2835 administratione.
389 2774 452 2847 Quo
468 2776 733 2835 rituliuclraristim
757 2780 970 2834 sacramentum
1012 2784 1079 2829 cum
1101 2770 1196 2844 patrui
1225 2769 1305 2829 illius
1332 2770 1430 2829 relicta
1448 2769 1634 2829 matrimonio
1652 2770 1864 2849 conjunxisset.

118 2863 338 2925 distribueretur
362 2865 422 2939 jam
446 2883 532 2940 supra
561 2866 701 2925 divimus.
728 2866 827 2940 Ipsum
847 2882 914 2923 vero
939 2866 970 2925 in
1011 2858 1156 2917 ceterum
1179 2858 1335 2933 Gregorius
1355 2858 1420 2920 aliis
1434 2860 1466 2919 in
1480 2859 1550 2919 loeis
1566 2876 1622 2919 non
1639 2860 1729 2919 semel
1747 2860 1868 2937 nupera

119 2956 187 3011 turri
215 2961 283 3013 tunc
308 2957 445 3029 temporis
468 2963 646 3016 asservatum
665 2956 754 3014 inisse
777 2956 808 3014 in
835 2956 968 3027 sacrario,
1012 2950 1198 3018 incestuosas,
1215 2949 1409 3024 mulieresque
1425 2951 1656 3024 superinductae,
1671 2950 1873 3015 etieminvi·'

119 3041 193 3101 unde
208 3042 244 3100 ad
259 3044 347 3102 altare
361 3045 457 3103 allerri
477 3052 665 3104 consueverat
682 3045 741 3118 jain
759 3045 893 3117 superius
916 3044 999 3137 ⁰b‘G
1012 3040 1052 3098 ris
1068 3039 1246 3113 principibus
1260 3039 1414 3113 episcopali
1438 3040 1568 3099 libertate
1590 3040 1719 3099 damnat.

119 3133 296 3191 servavimus
314 3149 352 3193 cx
373 3134 465 3208 capite
486 3134 521 3193 ee
541 3134 608 3192 libri
635 3134 671 3193 de
686 3132 783 3193 Gloria
810 3131 969 3208 Martyrum
1046 3130 1091 3187 58.
1120 3130 1315 3188 Censurarnm
1342 3130 1603 3190 ecclesiasticarum
1636 3127 1771 3204 exempla
1802 3142 1887 3209 Μ,-

118 3230 218 3281 nastrm
244 3223 390 3281 editionis.
412 3223 488 3283 Huic
507 3223 559 3295 rei,
580 3232 684 3297 praeter
702 3222 852 3283 Fortunati
872 3221 968 3282 locum
1010 3218 1114 3277 desunt
1127 3218 1159 3277 in
1173 3217 1303 3291 Gregorii
1324 3218 1415 3278 libris.
1439 3218 1566 3293 Aliquod
1582 3216 1803 3291 irregularitatis
1824 3216 1878 3305 obi

118 3310 236 3371 deturri
261 3328 278 3370 a
301 3312 395 3371 Felice
415 3314 547 3388 episcopo
570 3313 715 3382 fabricata,
730 3313 907 3387 suffragatur
922 3314 967 3369 be·
1009 3309 1136 3368 lenitatis
1167 3308 1310 3368 delectum
1344 3310 1529 3369 incurrendae
1563 3310 1720 3385 vestigium
1747 3308 1864 3461 integr]

118 3403 344 3472 narrentanis,
367 3416 454 3475 quam
472 3402 504 3461 in
524 3401 682 3476 appendice
702 3403 791 3476 hujus
808 3401 968 3462 voluminis
1009 3400 1219 3462 Thomassinue
1241 3402 1273 3460 in
1294 3401 1425 3473 Gregorii
1451 3402 1534 3472 lacto,
1558 3401 1696 3461 Historiis
1716 3400 1809 3461 libro.
1856 3422 1860 3429 ·

119 3488 201 3549 babes
214 3506 253 3548 ex
269 3491 358 3549 veteri
375 3488 603 3549 sacramentario
621 3490 803 3565 descriptam.
828 3490 967 3551 Glrlotarii
1007 3492 1100 3565 capite
1124 3491 1167 3561 10,
1195 3491 1293 3564 relato,
1315 3493 1366 3551 ubi
1385 3493 1435 3551 ille
1460 3492 1608 3569 scripsisse
1621 3508 1652 3553 se
1669 3466 1839 3643 ιιιιιιιοιὲ]

119 3579 199 3651 regis,
223 3594 293 3637 cum
320 3578 355 3637 ad
383 3579 475 3638 sancti
501 3578 619 3638 Martini
650 3579 816 3653 sepulcrum
837 3580 965 3651 accessit,
1008 3582 1129 3655 gratiam
1146 3580 1254 3650 iurum,
1271 3581 1321 3655 cqui
1336 3581 1427 3641 sancti
1444 3579 1560 3641 biartini
1572 3580 1722 3641 basilicam
1737 3580 1770 3642 in
1855 3627 1866 3646 ι

118 3668 314 3742 penitentiam
337 3668 472 3727 describit
490 3668 647 3743 Gregorius
658 3669 689 3726 in
715 3668 851 3728 llistorim
871 3668 964 3728 libris.
1008 3677 1083 3739 rant,
1098 3684 1192 3743 regem
1207 3685 1393 3729 commonens
1407 3686 1456 3730 eos
1470 3672 1550 3730 iures
1562 3686 1579 3729 a
1593 3670 1717 3735 clericis,
1732 3668 1769 3731 ed
1787 3686 1807 3749 q

117 3756 235 3828 Quidam
250 3757 361 3816 veroin
375 3757 433 3815 vita
445 3758 650 3816 sancthicetii
664 3758 880 3831 Lugdunensis,
899 3774 966 3817 cum
1007 3772 1095 3816 causa
1118 3757 1180 3815 baec
1204 3759 1374 3831 pertinebat,
1398 3774 1456 3817 non
1478 3760 1569 3819 luisse
1592 3764 1748 3818 accusatos.
1777 3756 1863 3831 Quod

116 3844 197 3905 morti
225 3854 300 3903 esset
326 3845 488 3919 proximus,
518 3844 719 3918 poenitentiam
749 3862 766 3904 a
799 3846 967 3921 presbytero
1008 3861 1037 3903 se
1059 3846 1160 3903 iecisse
1179 3846 1219 3905 nit
1239 3849 1303 3921 pius
1319 3849 1439 3906 antistes
1456 3847 1593 3921 veritum,
1615 3862 1653 3907 ne
1673 3846 1808 3909 homines
1823 3846 1863 3909 ll-

116 3934 184 3994 iusis
208 3932 346 4006 lacrymis
369 3932 540 4007 elllagitasse
565 3932 682 3991 dicitnr.
710 3934 746 3991 Et
774 3934 845 3993 alibi
875 3934 967 3993 homi·
1007 3934 1066 3993 lius
1084 3949 1171 3993 causa
1190 3943 1382 4005 morerentur,
1411 3936 1463 4009 qui
1486 3936 1588 3995 vivens
1612 3935 1643 3993 in
1667 3950 1787 4010 corpore
1807 3950 1861 4011 pro

116 4040 178 4083 nem
191 4030 331 4082 memorat
353 4021 521 4095 Gregorius,
539 4022 590 4098 qui
607 4030 698 4081 morte
716 4023 884 4097 puniendus
905 4042 965 4097 poe-
1007 4023 1186 4097 perditorum
1205 4026 1263 4084 vit-r
1278 4026 1386 4100 eaepius
1402 4026 1570 4101 deprecatus
1583 4028 1684 4087 lucrat.
1699 4026 1860 4103 epprobrio

114 4118 254 4171 nitentium
268 4132 286 4169 a
299 4115 438 4171 sacerdote
448 4116 541 4186 pettit,
557 4116 627 4171 clam
646 4112 777 4187 quidem,
800 4111 877 4187 quod
893 4111 966 4171 torte
1007 4128 1113 4186 magno
1134 4129 1164 4171 se
1179 4114 1238 4172 iore
1253 4114 1415 4175 obnoxium
1435 4116 1613 4176 existimavit
1628 4116 1780 4193 presbyter
1791 4116 1861 4195 qul·
1887 4146 1892 4189 ς

111 4202 166 4275 jam
179 4211 249 4262 tunc
262 4203 397 4278 temporis
412 4217 474 4261 reos
487 4207 618 4262 extremo
634 4202 777 4277 supplicio
798 4201 965 4261 alliciendos
1006 4205 1072 4264 dam
1091 4206 1122 4264 in
1143 4208 1281 4279 capitata
1299 4207 1365 4265 libri
1380 4220 1390 4266 1
1403 4206 1439 4266 do
1459 4207 1556 4267 Gloria
1571 4208 1731 4285 llartvrum
1747 4222 1861 4269 memo·

111 4293 308 4370 apoenitentia
321 4294 398 4367 leges
410 4294 512 4353 civiles
531 4302 671 4352 arcerent.
697 4292 755 4352 Nec
770 4295 874 4353 desunt
886 4294 964 4368 apud
1005 4303 1094 4363 ratus,
1122 4296 1147 4354 ei
1176 4312 1226 4369 per
1251 4314 1329 4353 seram
1353 4300 1553 4355 accusationem
1579 4298 1627 4356 iur
1654 4298 1740 4359 morti
1770 4296 1860 4361 merle
1880 4352 1893 4369 ,

111 4391 240 4445 nostrum
266 4390 413 4443 auctorem
439 4383 688 4458 indulgentiarum
715 4384 858 4458 exempla.
891 4384 1144 4467 Namnaddictus.
1162 4382 1247 4444 Hunc
1264 4387 1342 4445 enim
1361 4387 1433 4461 mpti
1454 4386 1521 4461 equi
1539 4394 1723 4445 accusaverat
1743 4385 1795 4447 illo
1810 4402 1858 4447 sa·
1886 4380 1889 4385 ’

110 4472 374 4549 i'ictorepiscopus,
387 4476 437 4549 qui
451 4492 467 4533 a
481 4476 688 4534 communione
701 4476 793 4533 lucrat
803 4492 961 4551 suspensus
1004 4474 1103 4532 cerdos
1118 4499 1124 4532 :
1142 4474 1219 4534 umle
1234 4475 1350 4534 nrrllum
1366 4475 1490 4549 lapidem
1504 4492 1563 4534 non
1579 4476 1678 4548 neorii,
1694 4482 1728 4535 ut
1741 4490 1859 4539 reuma

109 4565 220 4623 ebreos
243 4573 349 4623 lcmcrc
366 4563 577 4633 reconciliatos,
591 4571 658 4622 ante
673 4565 870 4638 praestitutum
887 4573 961 4624 tem·
1002 4571 1092 4621 morte
1115 4564 1246 4637 eriperet.
1270 4564 1349 4635 Quod
1375 4581 1441 4624 cum
1463 4563 1554 4635 judex
1580 4566 1672 4622 iacere
1700 4564 1855 4637 renuisset,

108 4670 168 4729 pus,
185 4655 262 4727 regis
283 4655 489 4713 intercessione
510 4655 710 4715 communioni
734 4656 884 4716 restitutus
906 4664 958 4716 est.
1001 4652 1183 4711 condemnati
1198 4652 1319 4711 salutem
1333 4653 1406 4712 beati
1418 4650 1552 4723 Quintini
1564 4650 1676 4710 meritis
1690 4668 1708 4712 a
1722 4652 1782 4713 lico
1795 4652 1856 4714 im-

110 4744 152 4803 Sic
176 4751 205 4804 et
230 4745 260 4803 in
288 4742 406 4818 Synodo
429 4744 560 4813 lietensi,
592 4744 695 4804 Basina
718 4751 746 4803 ct
768 4746 958 4820 Cirrodicldis,
1001 4742 1132 4817 petruvit.
1164 4742 1198 4801 ln
1223 4742 1298 4801 libro
1323 4756 1353 4802 ul
1379 4744 1526 4813 ilistoriee,
1546 4744 1638 4818 capue
1654 4742 1681 4811 8,
1700 4742 1855 4807 Ursicinus

108 4836 140 4893 ob
163 4834 272 4893 scelera
295 4835 566 4906 excommunicatae,
595 4841 712 4909 rogante
736 4834 918 4895 Gbildeberto
942 4853 960 4897 a
1001 4830 1181 4891 Ceiureesssie'
1201 4831 1352 4905 episeopus
1370 4831 1407 4891 eb
1426 4832 1529 4892 ordine
1549 4840 1681 4907 suscepte
1694 4846 1856 4907 suspensus
1874 4860 1880 4869 ·

110 4924 224 4985 Caecilii
246 4926 387 5000 patribus,
401 4927 541 4987 alvsolntm
559 4925 684 4986 fuerunt.
701 4927 846 5001 liaqrtismo
860 4932 959 4987 conie-
1002 4930 1054 4993 est,
1068 4921 1143 4997 quod
1159 4921 1350 4982 Gundovaldo
1366 4922 1522 4982 Baltomeri
1541 4921 1656 4995 publice
1671 4920 1851 4983 adhesisset.

112 5016 194 5075 nndo
212 5021 340 5085 tempora
357 5014 506 5090 designato
527 5016 634 5075 indicat
651 5016 816 5091 Gregorius,
832 5033 959 5077 comme·
1002 5013 1184 5073 Prolrilritum
1210 5014 1318 5089 quippe
1339 5014 1365 5073 ci
1390 5014 1454 5085 luit,
1476 5028 1513 5071 no
1536 5018 1592 5072 tolo
1617 5012 1732 5072 trienno
1754 5014 1856 5071 niem

112 5118 223 5161 morans
251 5104 428 5163 Guntramni
444 5103 790 5179 querelasadversuseos
806 5106 856 5179 qui
872 5106 959 5165 tilulo·
1000 5105 1142 5173 celebrare,
1172 5106 1281 5162 clericos
1309 5106 1446 5170 ordinare,
1479 5104 1658 5175 ecclesiasque
1683 5106 1710 5161 et
1733 5104 1855 5161 cbristus

112 5194 170 5252 larii
195 5192 223 5251 ll
240 5192 414 5267 baptismum
432 5193 957 5269 iterumatqueitemmdistulcrant.
1001 5194 1163 5259 benedicere,
1201 5200 1269 5259 etc..
1304 5194 1432 5252 auderet.
1468 5191 1666 5251 Ecclesiastica
1703 5191 1854 5265 sepultura

113 5280 269 5359 finenem,
284 5283 439 5357 etquidem
456 5284 485 5341 in
502 5284 691 5343 sanctissimae
704 5284 853 5345 Trinitatis
867 5285 958 5344 nomi·
998 5282 1129 5356 privatus
1144 5282 1199 5341 iuit
1215 5282 1369 5351 Palladius,
1385 5282 1436 5358 qui
1448 5281 1503 5339 sibi
1515 5280 1571 5355 ipsi
1589 5281 1730 5341 violentas
1745 5294 1853 5345 manus

113 5374 298 5434 munitatem
320 5374 428 5448 saepius
441 5375 644 5450 propugnavit.
662 5376 716 5435 Per
729 5375 956 5449 immersionem,
998 5374 1142 5444 attulerat,
1156 5380 1188 5433 ut
1202 5372 1261 5445 jam
1274 5370 1504 5431 observavimus.
1526 5368 1717 5429 Interdictum
1737 5384 1807 5433 vero
1818 5370 1854 5433 ln

113 5462 204 5523 saltem
231 5462 263 5523 in
291 5462 440 5537 Hispaniis
466 5471 536 5523 tunc
558 5465 658 5524 datum
687 5464 778 5523 luisse
796 5480 832 5523 ex
856 5464 958 5524 eodem
999 5464 1150 5525 Pictonum
1178 5461 1280 5521 urbem
1314 5474 1376 5517 seso
1410 5456 1591 5518 inflicturum
1627 5457 1781 5519 minitatus
1802 5462 1853 5521 mi

114 5552 279 5629 colligimus,
293 5552 346 5631 qui
360 5557 388 5612 ct
404 5553 523 5613 nomina
544 5554 574 5613 in
596 5552 738 5627 baptismo
754 5554 886 5629 imposita
901 5556 957 5614 irc-
999 5555 1151 5615 ileroveue
1171 5550 1299 5627 ejusdem
1323 5548 1404 5608 urbis
1424 5548 1553 5621 antistes,
1570 5548 1626 5609 nisi
1640 5546 1851 5611 tllvrudieldlse
