3794 6128
450 288 499 349 DE
517 288 723 353 mnnooffls
749 287 779 350 S.
799 285 962 349 unusne
981 285 1096 346 utnon
1114 284 1288 347 TERTIUS.
1689 282 1743 346 tto

99 429 125 484 s,
136 417 169 473 ut
182 411 259 488 quod
273 428 348 487 saepe
361 410 511 474 Conlessor
525 414 624 475 tribuit
639 413 762 490 populis.
775 412 970 486 miniAgum,
990 410 1162 469 sententiam
1175 411 1192 470 J
1195 409 1287 470 udicis
1301 406 1490 483 praestoletur.
1505 406 1637 483 Cumque
1651 422 1685 467 eo
1695 410 1743 482 ju·

98 504 148 565 tri⁸
158 503 268 576 largius
290 503 449 577 indulgeat,
470 512 632 580 purgetque
653 521 699 575 ine
717 504 754 562 ab
772 517 851 561 erro·
892 500 1004 559 dicante
1020 500 1100 558 luero
1116 499 1240 557 llanrrnis
1261 497 1453 557 infernalibus
1469 496 1632 571 deputatus
1648 512 1744 555 sacro·

100 606 125 665 ⁸,
138 608 213 667 quos
234 608 310 666 saepe
335 591 474 666 conspicit
496 600 524 651 et
548 592 679 668 intendit,
706 593 850 652 restituat·
893 597 989 650 sancto
1004 589 1100 664 pallio,
1115 576 1232 664 qualite
1246 589 1350 657 territur
1365 588 1394 646 in
1406 587 1508 662 gloria.
1526 594 1744 645 mecontectum

97 680 149 740 tibi
169 681 268 738 lumen
290 680 427 750 veritatis
446 685 528 738 eruat
546 695 592 739 me
609 680 646 738 ab
672 679 852 739 infidelitatis
893 686 1010 738 excuset
1026 693 1149 752 apmna,
1165 676 1327 735 dicentibus
1340 674 1408 745 Regi
1422 674 1543 746 angelis,
1559 674 1636 747 quod
1650 689 1746 748 quen·

105 768 226 829 mundet
239 784 288 826 cor
301 775 330 827 et
342 776 498 826 mentetua
514 766 608 826 lurida
621 768 699 843 lepra
713 766 851 837 luxurie,
893 769 960 827 darn
982 768 1017 825 de
1037 767 1178 843 monacho
1197 766 1365 825 resuscitato
1385 764 1545 821 dixerunt:
1567 767 1621 819 lste
1640 768 1680 818 est
1695 781 1746 835 pro

98 858 309 932 :cogitationes
333 874 350 916 a
371 858 611 933 concupiscentiis
638 860 744 933 pravis,
767 866 854 933 atque
895 877 947 930 quo
970 862 1108 917 Martinus
1129 857 1242 928 reputt.
1261 857 1391 930 Fiatqne.
1416 860 1447 911 ut
1466 854 1535 928 qnia
1555 869 1613 912 non
1636 870 1748 913 mereor
1813 850 1816 856 ’

98 949 382 1009 nametacinorunr
398 948 504 1006 molem
520 949 620 1021 diluat,
634 956 720 1024 atque
734 956 853 1025 proster-
894 946 945 1004 illa
965 945 1092 1004 claritate
1110 944 1220 1012 vestiri,
1242 943 1288 1002 vel
1315 942 1351 1001 ab
1374 942 1551 1000 irruentibus
1576 949 1747 1001 tartarorum

98 1046 119 1099 n
131 1054 198 1099 cnm
212 1039 243 1098 in
256 1038 366 1114 jndicio
377 1038 409 1097 in
422 1039 540 1098 sinistra
550 1048 628 1113 parte
640 1041 721 1100 suero
735 1040 853 1111 lucanis,
896 1033 1037 1091 ministris
1064 1048 1175 1090 merear
1199 1029 1337 1089 liberari:
1365 1045 1416 1086 nec
1440 1036 1551 1087 mittum
1573 1029 1645 1087 milri
1671 1046 1748 1087 noxa

98 1125 160 1184 ede
174 1125 270 1183 rnedio
283 1124 433 1184 haedorum
448 1133 625 1184 sacrosancta
637 1126 853 1201 dentradigne·
896 1122 1060 1199 praeraleat,
1087 1129 1118 1181 nt
1140 1137 1255 1197 separer
1274 1121 1310 1179 ab
1331 1119 1394 1193 ejus
1414 1134 1501 1192 regno
1521 1134 1609 1193 quern
1627 1118 1749 1178 fideliter

98 1213 240 1284 atrahere,
266 1220 504 1287 reservatumque
527 1230 573 1272 rae
592 1221 691 1273 teneus
712 1220 778 1291 post
799 1224 853 1275 ter·
896 1228 962 1272 sum
984 1210 1132 1271 consessus
1149 1211 1179 1269 in
1200 1209 1316 1269 saeculo.

98 1357 461 1426 uplertruemeomerbir.
481 1361 557 1419 editt,
573 1373 646 1412 ame
663 1360 777 1414 morbos.
898 1362 1081 1425 episcopatum
1126 1363 1318 1413 assumeretur.
1356 1357 1438 1417 ouum
1477 1357 1618 1410 blstorlam
1660 1364 1753 1409 narrat

98 1442 143 1483 ruo
165 1430 254 1483 nonno
278 1432 502 1484 catechumenum
531 1433 672 1484 suscitarit
693 1433 787 1485 bertus
815 1434 859 1486 vir
898 1432 1032 1497 Sulpicius
1050 1432 1167 1485 severus
1183 1431 1293 1484 tuliore
1308 1429 1343 1483 ds
1358 1431 1428 1483 beati
1443 1431 1546 1483 ilartini
1562 1429 1626 1482 Vita.

98 1504 224 1555 cauterio
250 1515 334 1568 prope
362 1503 483 1556 Ploraros
506 1507 618 1567 pontus,
645 1504 859 1568 quisquamst

701 1648 827 1718 Explicit
840 1649 909 1704 tiber
920 1646 1064 1703 secandus.

574 1971 803 2091 otono
844 1973 993 2092 TER
1044 1972 1185 2092 tou.

728 2309 1032 2468 pratoque.

98 2530 150 2591 »81
168 2534 309 2606 Tertium,
325 2534 476 2596 ordinante
490 2534 614 2607 cbristo,
631 2537 763 2597 libellum
776 2536 813 2595 de
828 2536 987 2598 virtutibus
1003 2541 1078 2600 beati
1094 2538 1210 2599 Martini
1227 2537 1352 2597 scribere
1373 2534 1554 2609 incipientes,
1568 2533 1675 2607 gratias
1697 2533 1761 2610 agi·

106 2624 296 2701 omnipotenti
320 2625 386 2692 beo,
406 2627 456 2701 qui
478 2627 561 2686 nobis
585 2625 670 2685 talem
686 2627 830 2685 medicum
853 2628 980 2686 tribuere
995 2630 1197 2701 dignatusest,
1221 2626 1272 2703 qui
1287 2625 1471 2685 intirmitates
1488 2630 1600 2683 nostras
1615 2630 1763 2698 purgaret,

98 2724 140 2770 era
153 2711 283 2775 dilueret.
300 2728 333 2771 ac
344 2713 469 2772 salubria
483 2714 690 2773 medicamenta
702 2715 854 2773 corrtcrret.
876 2716 947 2774 Nam
962 2717 987 2776 si
1000 2717 1035 2776 ad
1049 2717 1113 2792 ejus
1122 2718 1238 2776 beatum
1252 2715 1399 2775 tumulum
1416 2711 1586 2771 humilietur
1598 2713 1724 2783 animus,
1737 2717 1765 2770 et

98 2814 111 2859 o
129 2798 314 2869 sublimetur,
336 2804 361 2859 si
386 2802 515 2861 delluant
530 2803 675 2878 lacrymae,
691 2811 718 2862 et
730 2804 913 2876 compunctio
932 2820 1000 2863 vcra
1011 2806 1162 2874 succedat;
1178 2806 1202 2863 si
1217 2804 1253 2862 ab
1267 2804 1328 2863 imo
1347 2801 1431 2862 eorde
1446 2800 1615 2859 emittantur
1627 2799 1764 2872 suspiria,

98 2894 174 2945 ctora
187 2887 344 2946 facinorosa
362 2890 521 2946 tundantur
536 2909 543 2959 ;
566 2891 678 2948 inuenit
692 2891 820 2964 ploratus
835 2889 974 2959 laetitiam,
989 2892 1074 2966 culpa
1091 2891 1217 2961 reniam,
1232 2891 1313 2950 dolor
1327 2888 1449 2965 pectoris
1464 2886 1595 2961 pervenit
1617 2890 1653 2944 ad
1669 2886 1764 2945 mede-

112 2976 187 3036 Nem
214 2975 321 3049 saepius
343 2984 434 3036 tactus
455 2978 530 3036 beati
554 2979 678 3052 sepulcri
698 2979 851 3049 protlnriis
873 2979 1026 3053 imperarit
1047 2982 1157 3051 sistere,
1176 2980 1260 3040 caecis
1281 2981 1388 3048 videre,
1407 2976 1571 3053 paralyticis
1595 2991 1723 3049 surgere,
1739 2981 1768 3035 et
1829 2990 1834 2999 ’

98 3079 247 3141 nquoque
260 3065 382 3137 pectoris
396 3065 620 3125 amaritudinem
638 3066 722 3140 longe
735 3067 889 3125 discedere.
906 3067 986 3137 Quod
1009 3084 1061 3145 epo
1076 3068 1246 3145 plerumque
1264 3075 1402 3143 expertus
1425 3065 1581 3139 indignum
1598 3080 1644 3123 me
1657 3062 1767 3137 judico,

98 3162 139 3213 ter
151 3160 295 3212 tantornrn
312 3153 519 3212 miraculorum
531 3155 621 3213 moles
634 3155 721 3213 etiarn
735 3154 785 3212 illa
800 3155 1072 3231 tricinsernn1,quae
1087 3174 1174 3231 super
1185 3175 1231 3217 rne
1242 3156 1353 3232 operari
1367 3157 1502 3229 dignatus
1516 3161 1567 3213 est.
1591 3152 1646 3213 Sed
1662 3154 1767 3213 iterum
1849 3160 1852 3165 '

98 3256 107 3301 t
128 3256 167 3299 ne
188 3239 315 3298 noxialis
337 3256 499 3314 appaream,
516 3243 540 3300 si
565 3259 598 3300 ea
624 3250 762 3317 tanquam
785 3243 986 3303 fraudulentus
1007 3244 1191 3305 abscondam.
1208 3244 1398 3304 Testoreuirn
1415 3242 1558 3313 [tuomet
1577 3259 1657 3316 spem
1674 3243 1766 3313 illam,

98 3328 154 3388 rin
169 3328 234 3403 ejus
249 3330 355 3419 virtuto
369 3330 462 3402 posui,
475 3330 594 3389 credens
609 3347 655 3389 rne
674 3331 711 3390 ab
726 3331 804 3389 itlius
817 3332 1012 3391 misericordia
1029 3351 1087 3393 non
1103 3335 1235 3394 frustrari
1252 3359 1258 3392 :
1280 3333 1350 3407 quia
1374 3332 1603 3407 quotiescunque
1615 3338 1665 3392 ant
1686 3333 1769 3391 dolor

97 3419 122 3478 is
134 3418 232 3489 irruit,
247 3427 297 3476 aut
317 3426 443 3492 tempora
457 3418 558 3493 pulsus
576 3420 705 3494 impulit,
720 3428 770 3480 aut
792 3437 876 3479 aures
896 3421 1290 3497 auditnsgrararit,1082
1313 3427 1364 3482 aut
1389 3421 1539 3480 oculorum
1564 3421 1656 3479 acient
1677 3422 1769 3494 caligo

98 3505 155 3579 dit,
176 3514 227 3565 aut
247 3506 313 3564 aliis
338 3508 478 3566 membris
504 3508 586 3566 dolor
611 3509 728 3579 insedit,
744 3509 840 3567 statim
855 3514 887 3567 ut
904 3510 1000 3572 locum
1017 3513 1172 3583 dolentem,
1187 3512 1233 3571 vel
1249 3509 1363 3570 tornulo
1379 3510 1424 3570 vel
1440 3509 1504 3569 velo
1518 3509 1661 3584 pendente
1674 3509 1767 3582 attigi,

98 3608 156 3655 nus
167 3596 320 3655 sanitatem
336 3598 437 3671 recepi,
455 3598 565 3656 mirans
578 3598 682 3657 tacitus
696 3597 727 3656 i'n
743 3597 804 3671 ipso
819 3604 896 3658 tactu
909 3599 1038 3662 dolorem
1052 3603 1202 3663 recessisse
1217 3618 1285 3661 cunt
1299 3616 1397 3662 cursu.

295 3936 417 3997 CAPUT
442 3937 591 3997 PRIMUM
882 3898 981 3959 Bcum
1006 3895 1092 3969 rejeci
1118 3910 1170 3969 per
1191 3893 1345 3963 remitum,
1370 3909 1428 3952 non
1455 3892 1620 3951 discessisse
1646 3892 1724 3951 sensi
1739 3893 1771 3951 in

508 3982 515 3996 ’
593 3984 600 3997 “
917 3987 1027 4047 airum.
1045 3987 1273 4046 linumtantum
1287 3984 1356 4056 seio,
1372 3984 1447 4059 quod
1464 3984 1503 4042 ita
1520 3999 1565 4041 nro
1579 3984 1609 4041 in
1623 3983 1773 4041 velocitate

919 4076 996 4134 sensi
1008 4082 1152 4145 sanatum,
1161 4082 1194 4133 ut
1204 4081 1336 4148 putarem
1348 4073 1425 4147 qnod
1438 4072 1543 4143 injecta
1554 4070 1662 4143 aliquis
1672 4087 1773 4144 manu,

98 4169 137 4233 tid
161 4179 258 4231 antem
283 4187 376 4246 nuper
400 4171 578 4245 pertulerim,
603 4171 732 4245 primurn
751 4168 878 4226 inseram
919 4162 970 4223 illa
987 4178 1054 4238 quau
1066 4157 1208 4236 injuriam
1222 4161 1355 4221 lancibus
1370 4160 1527 4219 intulerant
1544 4159 1718 4219 abstulisset.

106 4260 206 4321 libello
221 4261 406 4321 miraculum.
425 4262 501 4320 born
515 4263 550 4320 ad
566 4260 734 4320 convivium
749 4258 878 4317 residuo·
1267 4303 1274 4322 ,
1343 4302 1350 4315 ,

98 4355 154 4422 post
170 4348 319 4422 jejunium
337 4349 498 4421 ederemus
522 4350 610 4423 piscis
630 4349 752 4407 insertur
772 4346 803 4404 in
821 4346 879 4404 ier·
1254 4301 1376 4361 (APUT
1394 4300 1432 4359 H·

104 4460 112 4500 ι
129 4457 218 4518 quem
234 4443 379 4502 dominica
394 4459 478 4502 eruco
497 4442 644 4515 signatum
661 4440 732 4498 dum
754 4438 878 4506 edimus,
985 4507 989 4513 Ι
1165 4406 1204 4459 be
1214 4405 1308 4475 puella
1322 4402 1407 4457 ‘'lbi“
1424 4405 1533 4458 Stulta·
1629 4416 1635 4429 ’

98 4532 210 4593 milriex
223 4535 318 4592 aristis
328 4534 421 4609 ipsius
431 4530 748 4608 piscisinjuriosissinre
758 4529 882 4587 adlraesit
957 4512 1057 4574 Puella
1070 4526 1137 4570 vero
1152 4526 1296 4571 annorum
1311 4508 1473 4578 dnoleeim,
1485 4505 1622 4565 omnibus
1638 4504 1776 4565 membris

100 4627 205 4679 utture.
229 4619 299 4689 Quae
324 4621 437 4679 dolores
461 4633 648 4679 commovens
672 4632 785 4688 gratioe,
804 4613 879 4672 inci·
921 4604 1034 4673 debilis‚
1063 4619 1114 4677 per
1138 4618 1190 4660 sex
1219 4618 1312 4661 annos
1337 4609 1474 4674 tanquam
1500 4605 1614 4656 mortua
1639 4598 1667 4655 lu
1690 4596 1777 4657 domo
1822 4672 1825 4677 ⁴

98 4718 110 4769 t
133 4710 228 4769 lauces
250 4711 396 4776 acumine,
420 4718 448 4768 et
473 4711 564 4785 ipsarn
579 4706 678 4780 gulam
698 4702 880 4776 longitudine
920 4702 1074 4771 parentum
1098 4689 1202 4749 lectulo
1223 4690 1390 4757 decubabat,
1416 4704 1474 4747 non
1499 4703 1632 4759 gressum
1656 4687 1776 4753 taciens,

98 4798 194 4858 rabat:
214 4799 387 4871 impediebat
398 4799 476 4857 vocis
489 4796 627 4866 sonitum,
640 4801 666 4853 ot
680 4809 774 4868 nequo
785 4792 881 4866 ipsum
923 4800 981 4843 non
994 4797 1067 4855 opus
1082 4794 1222 4838 {nanuum
1239 4779 1374 4852 implens,
1390 4793 1447 4835 nou
1463 4777 1556 4835 tuum
1570 4790 1701 4841 cernens,
1716 4791 1776 4834 non

98 4904 129 4948 ae
148 4888 304 4961 liquorem,
320 4888 372 4962 qui
387 4904 462 4961 scopo
484 4905 501 4945 a
521 4885 615 4960 palato
632 4882 745 4953 delinit,
761 4880 883 4940 transIre
922 4886 1085 4933 sermonem
1098 4869 1248 4941 eloquens.
1263 4883 1320 4926 nou
1335 4866 1457 4925 audiens
1468 4866 1614 4923 elocutum
1640 4864 1683 4923 Ad
1700 4864 1778 4923 lleati

98 4978 152 5036 bat.
170 4975 265 5035 Tertia
278 4985 373 5034 autern
390 4976 437 5033 die
450 4989 518 5033 curn
533 4988 625 5046 nequo
640 4969 775 5040 tussiens,
787 4983 883 5042 neque
925 4959 1070 5020 tumulnrn
1086 4957 1215 5017 tundunt
1229 4964 1363 5032 parentes
1381 4968 1433 5029 pro
1452 4954 1513 5011 lilia
1528 4968 1635 5026 preces,
1650 4952 1778 5039 oberunt

98 5080 169 5126 sans
196 5082 261 5124 earn
287 5067 414 5125 valerem
440 5063 589 5137 projicere,
619 5057 729 5118 recurri
753 5057 789 5116 ad
817 5061 884 5115 nota
924 5063 1054 5119 munera,
1071 5054 1099 5105 ot
1119 5046 1216 5105 adbuc
1239 5051 1305 5105 rota
1327 5044 1508 5120 promittunt.
1524 5039 1665 5098 Corrrenit
1679 5048 1779 5099 autem

98 5157 173 5219 riola.
195 5158 306 5216 ,teredo
331 5156 366 5215 ad
394 5154 552 5222 tumulum,
574 5149 727 5227 provolvor
749 5150 779 5206 in
803 5145 883 5219 pari·
923 5138 1047 5215 populus
1068 5137 1104 5195 ad
1127 5135 1278 5207 solemnia,
1302 5134 1463 5193 celeluntnr
1485 5146 1551 5188 curn
1569 5128 1675 5199 gaudio
1698 5145 1779 5189 sacra

99 5257 138 5320 ιο,
160 5247 344 5323 profusisque
366 5262 433 5305 cum
452 5243 560 5318 gemitu
578 5238 724 5315 lacrymis,
740 5226 1075 5321 auxiliumclestiritas.
1103 5225 1199 5284 Tertia
1224 5241 1292 5283 vero
1319 5223 1354 5282 de
1379 5221 1532 5280 insinnare
1552 5218 1610 5289 dre,
1631 5224 1713 5275 vocat
1729 5235 1779 5291 pa·

99 5352 166 5399 ocor
178 5336 366 5396 Conlessoris.
384 5332 495 5392 Dehinc
508 5338 631 5400 erectus,
652 5328 727 5397 velo,
741 5325 818 5401 quod
832 5324 882 5383 de·
927 5326 998 5377 troni
1012 5313 1119 5391 puella.
1134 5314 1253 5373 dicen&
1280 5311 1360 5372 Sitio.
1383 5309 1437 5379 0¹¹1
1463 5305 1591 5405 gaudens
1614 5306 1691 5380 ‘lUOd
1709 5307 1779 5365 filia}

98 5426 182 5497 lebat,
195 5425 305 5499 gulam,
318 5419 668 5497 lancesqueetreliquum
678 5416 779 5491 eapitis
791 5413 882 5485 attigi.
926 5421 1035 5475 socero,
1053 5419 1144 5480 quam
1165 5417 1318 5477 nunquam
1337 5398 1477 5466 audierat,
1494 5402 1647 5453 meruisset
1666 5396 1779 5467 andire,

101 5529 193 5584 mora,
213 5517 363 5574 sanitatem
377 5514 492 5588 recepi3
512 5500 831 5584 etprrusqnam1083
850 5502 886 5560 li·
927 5496 1056 5560 cucurrit
1079 5493 1218 5561 velocius,
1246 5499 1275 5549 et
1301 5494 1483 5559 assumptum
1517 5483 1668 5585 paululum
1694 5500 1780 5583 aqum

98 5620 112 5665 n
140 5610 238 5663 mnata
264 5604 423 5678 egrederer,
447 5601 559 5661 nullam
580 5595 778 5672 fatigationem
797 5592 886 5652 sensi.
927 5586 1033 5667 puellae
1046 5584 1150 5646 detulit
1161 5583 1196 5642 ad
1208 5578 1377 5640 bibendum.
1389 5574 1451 5645 Qua
1464 5576 1577 5646 bansta,
1591 5582 1650 5672 art:
1666 5574 1780 5647 Porrigo

98 5691 108 5754 l
126 5698 224 5753 tamen
245 5693 365 5753 aculens
387 5690 484 5751 malus
500 5686 660 5761 devenerit,
682 5683 794 5761 ignoro.
823 5678 887 5741 Non
928 5676 1003 5738 mtni
1016 5687 1147 5735 manum.
1159 5666 1346 5746 Apprelrensa
1356 5679 1473 5740 quoque
1485 5668 1565 5740 pater
1576 5678 1639 5733 ejus
1650 5661 1779 5735 dextera,

213 5807 343 5871 Parnon.
364 5804 469 5870 libili.
1574 5776 1606 5837 3¹

235 4048 272 4101 De
286 4046 376 4101 dolere
393 4048 517 4114 feracium
531 4062 661 4102 meorum.
