3794 6128
46 306 116 369 1037
776 309 877 370 vidis
896 308 1060 371 Phlhtill.
1604 307 1608 315 '
1722 321 1792 385 illis

42 432 118 493 alios
136 438 240 494 tenues
258 448 296 493 et
310 432 418 493 hordeo
429 434 630 508 supponebat:
651 435 795 496 triticeum
815 435 1084 497 tran-Adiacedere
1108 437 1278 511 imperabat.
1295 437 1377 509 Quod
1399 440 1449 499 illa
1470 442 1604 515 protinus
1631 444 1790 517 audientia,

44 536 119 595 gens
133 522 199 582 aliis
214 522 358 598 erogabat,
372 523 434 596 ipse
447 538 516 582 vero
525 522 600 582 clam
615 523 767 595 hordeum,
781 523 900 583 nemine
941 541 1059 600 corpora
1074 541 1140 600 quae
1159 542 1212 586 sua
1226 529 1353 603 nequitia
1368 528 1558 590 devinxerant
1571 524 1790 593 ·altsolvebe'nt.

45 608 238 685 intelligente,
262 627 455 684 praesumens.
480 610 621 671 Similiter
642 611 762 672 devino
783 614 900 686 iaciens,
942 614 1016 672 Nam
1030 613 1081 672 illo
1095 613 1221 685 absente,
1239 616 1324 674 multi
1335 614 1460 689 devirga
1474 633 1563 692 quam
1575 621 1604 678 in
1619 621 1794 681 mauulerre

46 698 120 759 dum
129 715 235 775 aquam
246 701 272 760 ci
283 700 421 774 pincerna
429 699 597 775 porrigeret,
609 701 643 759 atl
657 702 901 762 dissimulandum
943 703 1045 763 solitus
1061 709 1121 762 erat
1139 718 1294 779 suspensos
1318 713 1405 780 atquc
1432 706 1559 781 signatos
1582 724 1795 784 energumenos

47 805 155 866 aquam
167 791 296 866 desuper
310 792 422 850 edundi
439 790 570 865 iubebat,
593 792 649 852 tale
668 793 777 852 vitrum
790 793 912 867 eligens
944 792 1139 867 expellebant.
1163 792 1236 851 Nam
1258 800 1286 852 et
1302 793 1338 852 de
1353 800 1443 854 stratu
1467 795 1530 869 ejus
1545 797 1570 855 si
1585 798 1651 872 quis
1669 804 1795 872 aegrotus

49 877 128 956 qnod
154 878 313 938 claritatem
336 894 421 952 aquae
447 878 603 953 obtegeret.
633 881 699 941 Jam
717 882 748 940 in
772 881 903 955 jejuniis,
945 878 1092 956 quidpiam
1111 878 1288 951 abstulisset,
1303 888 1364 938 erat
1387 897 1517 955 praesens
1539 883 1793 962 medicamentum.

50 969 255 1045 eleemosynis,
281 967 462 1028 orationibus
481 974 568 1046 atque
589 969 698 1044 vigiliis
719 978 778 1030 tam
803 971 905 1031 ellicatt
945 967 1154 1027 Armeniaria¹
1176 974 1274 1027 autem
1299 969 1393 1042 neptis
1411 969 1474 1043 ejus
1487 986 1555 1029 cum
1569 971 1696 1041 graviter
1722 986 1796 1047 quo·

52 1066 172 1136 tamque
184 1061 307 1120 devotus
322 1064 392 1130 erat,
407 1065 441 1117 ut
453 1059 486 1117 iu
499 1060 595 1119 medio
608 1062 712 1121 mundi
729 1062 840 1136 positas
852 1076 905 1121 no·
947 1057 1014 1117 dam
1031 1065 1156 1132 tempore
1172 1059 1203 1117 iu
1222 1059 1415 1119 adolescentia
1429 1076 1481 1119 sua
1503 1068 1675 1135 aquartano
1694 1063 1796 1137 latiga-

52 1164 110 1209 vus
122 1147 271 1223 effulgeret
287 1147 407 1207 eremita
420 1159 442 1206 ⁸.
466 1146 540 1207 Nam
554 1165 621 1209 cum
636 1150 715 1225 apud
729 1150 907 1210 Divionense
946 1150 1025 1207 retur
1041 1147 1234 1219 incommodo,
1256 1162 1289 1205 ac
1313 1148 1493 1207 medicorum
1512 1147 1608 1208 studio
1626 1147 1810 1249 plerugnque’

52 1246 182 1307 cestrum
203 1244 365 1297 moraretur
378 1236 505 1309 assidue,
520 1246 549 1297 at
562 1239 667 1300 tlomus
681 1242 744 1314 ejus
766 1240 906 1315 baptiste·
948 1240 1145 1311 lota,nullum
1159 1245 1253 1314 posset
1267 1239 1528 1311 sentirelevamen,
1548 1248 1576 1297 et
1591 1238 1627 1297 ab
1642 1240 1705 1314 ipso
1717 1244 1797 1303 Con·

38 1327 294 1389 rioradhasreret
303 1325 334 1383 itt
346 1340 405 1400 quo
414 1325 574 1388 multorum
590 1338 756 1390 sauctorum
776 1329 908 1404 reliquie
948 1331 1056 1390 sessore
1080 1330 1162 1389 beato
1182 1330 1290 1403 saepius
1315 1335 1349 1388 ut
1375 1329 1497 1389 orationi
1534 1329 1682 1390 insisteret
1704 1328 1799 1389 110⁰

53 1414 251 1486 tenebantur;
272 1419 355 1473 nocte
380 1412 416 1473 de
440 1422 532 1475 stratu
557 1433 620 1488 suo,
649 1418 731 1478 nullo
754 1418 905 1489 sentiente,
949 1421 1120 1491 hortaretur,
1138 1420 1266 1494 quadam
1278 1419 1324 1478 die
1340 1419 1446 1481 lectum
1466 1420 1530 1494 ejus
1544 1421 1675 1495 expetiit,
1695 1421 1727 1480 in
1740 1435 1799 1497 quo

52 1519 243 1578 consurgens.
258 1504 293 1563 ad
311 1506 484 1578 orationem,
512 1506 571 1566 Deo
595 1513 712 1593 tantum
738 1515 817 1580 teste,
845 1524 908 1583 per·
949 1508 1040 1584 posita
1064 1508 1105 1567 ita
1131 1508 1220 1567 labris
1245 1516 1350 1568 cuncta
1369 1508 1505 1568 restincta
1526 1517 1579 1581 est,
1599 1517 1631 1569 ut
1646 1522 1801 1585 nunquam

54 1594 151 1669 gebat,
178 1593 252 1653 ostio
271 1592 416 1654 divinitus
437 1602 576 1668 reserato,
593 1602 700 1656 attente
713 1596 855 1671 psallebat
875 1595 910 1655 irr
949 1596 1004 1657 hac
1012 1599 1147 1673 deinceps
1160 1604 1311 1673 egrotaret
1330 1608 1355 1658 ⁸.

55 1679 234 1757 baptisterio.
251 1680 306 1741 Sed
320 1698 388 1742 cum
408 1683 462 1742 hoc
477 1683 564 1742 multi
579 1686 716 1759 temporis
740 1685 831 1760 spatio
845 1700 909 1759 age·
986 1687 1039 1748 ill.
1054 1686 1177 1749 Sancus
1194 1704 1263 1748 vero
1280 1687 1437 1763 Gregorius
1453 1703 1520 1748 cum
1545 1698 1619 1763 perl
1643 1690 1722 1750 diem
1732 1704 1808 1751 satt-

56 1777 112 1843 ret,
128 1772 244 1831 tandem
259 1771 296 1830 ab
311 1788 371 1832 uno
395 1772 516 1833 diacono
537 1775 707 1851 resoognita
720 1776 1023 1857 aiqucmani-Bctam
1048 1778 1278 1852 Epiphaniorum
1305 1778 1341 1836 ad
1362 1776 1508 1838 civitatem
1526 1778 1673 1853 Lingonas
1697 1778 1804 1840 ambu-

58 1859 160 1921 testata
173 1867 216 1921 esi
232 1885 238 1919 :
257 1861 334 1921 idem
348 1877 415 1923 cum
434 1863 616 1939 cognovisset
630 1865 692 1924 ittae
704 1865 762 1939 agi,
784 1864 909 1941 alonge,
954 1869 1049 1940 lasset,
1072 1867 1217 1928 amodica
1233 1867 1313 1928 lebre
1326 1868 1468 1942 pulsatus,
1498 1867 1598 1928 relicto
1622 1868 1805 1929 saculomi·

57 1966 96 2011 tto
109 1967 179 2012 eum
189 1950 245 2010 Vir
257 1951 360 2011 heatus
381 1951 487 2011 sentire
507 1960 613 2027 posset,
633 1954 870 2030 prosequebatur,
885 1960 915 2015 et
954 1957 1095 2032 gravitad
1109 1956 1256 2016 Christum
1274 1975 1281 2015 ε
1296 1958 1381 2031 cujus
1397 1956 1479 2016 beata
1500 1956 1588 2016 iacies
1607 1958 1646 2017 iia
1667 1957 1804 2034 eratgio·

58 2043 130 2121 quid
154 2047 252 2117 ageret
275 2043 428 2117 spectabat.
457 2043 562 2104 Aiebat
589 2044 668 2104 enim
699 2043 795 2103 1179
823 2048 915 2107 diaeo
955 2047 1065 2106 rillcata
1084 2053 1148 2121 post
1166 2045 1331 2116 transitum,
1358 2050 1392 2104 ut
1412 2044 1486 2105 rosis
1501 2044 1606 2105 similis
1627 2050 1805 2107 cerneretur.

58 2148 128 2205 nus,
143 2131 221 2207 quod
234 2132 357 2191 veniens
377 2131 501 2192 Sanctus
516 2133 568 2193 Dei
585 2134 621 2194 ad
647 2135 755 2196 ostium
779 2137 915 2212 baptiste-
955 2138 1026 2198 Htec
1039 2138 1120 2197 enim
1140 2136 1294 2211 apparebat
1317 2135 1417 2206 rubea,
1435 2135 1581 2212 reliquum
1610 2151 1679 2196 vero
1702 2151 1809 2212 oorptts

59 2222 110 2295 rii,
126 2222 248 2297 pulsans
262 2238 352 2282 manu
366 2224 492 2298 propria,
522 2224 631 2285 ostium
657 2226 776 2287 nemine
797 2243 914 2303 compa·
956 2229 1095 2299 tauquam
1122 2223 1249 2282 candens
1277 2221 1374 2281 lilium
1405 2223 1576 2298 refulgebat,
1599 2229 1631 2282 ut
1648 2224 1810 2283 estimares

60 2318 144 2372 rente
157 2311 350 2386 aperiebatur,
365 2310 474 2387 illoque
487 2312 671 2387 ingrediente
695 2314 860 2375 diutissime
873 2315 916 2376 si·
956 2329 1024 2375 eum
1037 2313 1098 2388 jam
1112 2320 1183 2373 tuuc
1193 2313 1230 2372 ad
1242 2313 1349 2372 luturta
1363 2313 1585 2372 resurrectionis
1596 2312 1720 2388 gloriam
1731 2328 1807 2389 prte-

61 2397 189 2459 leutium
213 2404 295 2458 erat:
322 2398 625 2473 posteapaallentium
646 2407 787 2476 tanquam
811 2404 917 2463 multa·
956 2407 1101 2477 paratum.
1118 2398 1200 2470 Quod
1227 2401 1388 2460 descrentes
1413 2400 1450 2459 ad
1469 2408 1596 2460 castrum
1624 2400 1809 2475 Divionense,

61 2504 129 2551 rum
155 2504 261 2550 vocum
287 2504 340 2563 per
366 2489 455 2549 trium
487 2491 627 2551 horarum
650 2498 678 2551 et
703 2493 764 2552 lere
790 2494 917 2570 amplius
957 2491 1009 2553 ubi
1031 2506 1062 2550 se
1072 2492 1197 2566 jusserat
1216 2487 1357 2548 tumulari
1369 2490 1386 2559 ¹,
1408 2488 1439 2548 in
1460 2489 1613 2565 campania
1625 2489 1676 2549 illa
1700 2506 1768 2566 qum
1792 2507 1812 2551 a

61 2583 189 2658 spatium
200 2581 381 2641 audiebatur.
403 2581 493 2641 uredo
512 2598 566 2655 ego
577 2583 730 2657 quodcum
744 2600 917 2671 maguprum
958 2584 1038 2654 parte
1051 2576 1208 2653 Aquilonis
1221 2576 1345 2637 habetur
1357 2577 1434 2636 haud
1450 2578 1549 2652 procul
1568 2593 1586 2636 a
1599 2587 1692 2637 castro
1706 2592 1812 2653 agra-

61 2677 229 2729 aanotorum
246 2669 278 2727 in
295 2668 396 2727 eodem
416 2668 477 2727 loco
493 2669 670 2729 haberentur
690 2671 834 2746 reliquiae,
862 2672 918 2747 ipsi
959 2674 1030 2727 vatt
1047 2712 1056 2739 ,
1074 2673 1230 2740 gestatores
1244 2680 1304 2723 non
1328 2665 1505 2725 sustinentes
1519 2667 1657 2726 teretrum
1677 2667 1739 2727 solo
1763 2667 1814 2729 tle·

63 2776 96 2820 se
124 2760 207 2819 beato
232 2759 301 2819 Viro
328 2759 491 2819 revelantes
517 2761 704 2832 psallentium
738 2761 863 2821 Domino
886 2762 917 2820 in
960 2762 1132 2834 posuerunt,
1153 2755 1254 2828 ibique
1278 2769 1436 2828 parumper
1463 2763 1644 2814 resumentes
1672 2757 1761 2829 vires,
1783 2762 1814 2817 et

64 2863 221 2910 commune
244 2847 411 2906 reddebant.
438 2847 522 2920 Nam,
537 2848 655 2923 impleto
669 2864 758 2908 cursu
772 2861 792 2921 ⁰,
820 2864 919 2909 rever·
959 2854 1024 2923 post
1046 2846 1201 2919 paululum
1221 2842 1378 2913 elevantes,
1405 2843 1441 2901 ad
1454 2844 1705 2905 intramuraneam
1721 2844 1817 2906 socle-

65 2942 129 2996 tens
141 2936 176 2995 ad
189 2934 341 3007 lectulum,
361 2934 402 2993 iia
413 2949 444 2994 se
457 2942 540 2994 caute
555 2941 778 3009 superstratum
792 2935 920 3010 depone·
960 2936 1032 2995 siam
1046 2934 1061 2974 1
1074 2950 1144 2993 eurn
1159 2931 1336 2992 detulemnt.
1356 2930 1588 2992 Advenientibus
1600 2942 1699 2994 autem
1709 2933 1815 3011 quinto

63 3025 124 3097 bat,
148 3033 180 3085 ut
198 3040 315 3099 prorsus
342 3040 428 3084 nemo
452 3025 590 3084 sentiret:
623 3023 823 3084 observatores
850 3040 920 3085 vero
961 3024 1007 3083 die
1019 3021 1156 3097 episcopi,
1180 3020 1216 3079 ab
1235 3019 1354 3079 eociesia
1376 3019 1412 3077 ad
1427 3018 1575 3078 basilicam
1594 3021 1601 3060 ¹
1624 3021 1700 3081 beati
1724 3020 1815 3084 ioan-

64 3120 172 3179 ostium
197 3116 358 3192 baptisterii
377 3116 542 3177 obseratum
556 3116 749 3185 insanientes,
770 3114 851 3174 clave
867 3131 919 3175 sua
929 3113 1010 3214 Gula
1028 3111 1233 3180 deferebatur3
1252 3117 1279 3168 et
1294 3123 1365 3168 ecoe
1378 3107 1468 3167 vincti
1488 3110 1610 3169 carceris
1634 3113 1669 3170 ad
1696 3112 1815 3174 beamm

65 3206 150 3267 solite
165 3205 342 3280 aperiebant,
366 3214 568 3279 commotoque
591 3206 686 3279 signo,
715 3213 831 3265 sancius
856 3207 919 3278 liei,
963 3219 1068 3278 corpus
1093 3202 1219 3261 clamare
1243 3205 1406 3274 oeperunt,
1431 3199 1578 3259 diceutes:
1605 3201 1742 3263 lliserere
1763 3219 1816 3264 no·

65 3298 141 3357 sicut
156 3297 271 3371 reliqui.
288 3312 383 3356 notus
399 3297 434 3356 ad
455 3297 584 3357 olitcium
597 3298 778 3358 dominicum
799 3314 921 3362 consur·
964 3292 1025 3362 siri,
1044 3291 1175 3366 piissime
1186 3289 1302 3359 domne,
1331 3293 1365 3346 ut
1379 3302 1454 3361 quos
1469 3287 1572 3347 vivens
1592 3289 1622 3347 in
1636 3292 1744 3351 saeculo
1758 3305 1818 3353 nou

65 3388 163 3465 gebat.
189 3386 263 3448 Nam
277 3404 344 3449 cum
358 3388 549 3464 energumeni
566 3404 634 3449 eum
653 3390 746 3465 primo
765 3392 842 3451 died
860 3392 921 3468 epi.
962 3380 1122 3452 absolvisti,
1144 3378 1190 3439 vel
1207 3378 1364 3438 deiunctus
1380 3376 1496 3436 coeleste
1519 3392 1644 3451 regnum
1667 3379 1819 3453 possidens

66 3483 202 3554 scopatae
214 3479 261 3538 sui
275 3479 492 3551 confiterentur,
518 3479 658 3553 rogabant
676 3494 744 3540 eum
763 3482 922 3557 presbyteri
962 3471 1091 3545 digneris
1103 3468 1267 3540 absolvere;
1282 3467 1367 3526 visita
1383 3483 1436 3526 uos
1447 3483 1629 3541 qumsumus,
1644 3471 1819 3533 etmiaerore

66 3574 164 3629 uteos
183 3567 351 3628 benedicere
368 3567 547 3643 dignaretur.
573 3567 655 3640 Quod
669 3568 721 3626 illo
745 3567 869 3628 viriiiter
884 3584 922 3629 ne
963 3562 1065 3621 nostri·
1093 3560 1163 3619 Haec
1181 3565 1210 3618 θῑ
1234 3559 1292 3618 tilia
1315 3559 1376 3616 illis
1400 3557 1604 3628 titillantibus,
1631 3568 1819 3635 aggravatum

68 3673 177 3719 tanam
198 3659 360 3717 incurreret
378 3656 502 3730 gloriam
518 3657 689 3731 refugiebat,
704 3657 832 3717 clamans
844 3657 923 3717 indi·
963 3660 1006 3713 est
1020 3666 1125 3727 corpus
1139 3653 1187 3722 ita,
1204 3656 1237 3709 ut
1252 3648 1351 3724 ipsum
1365 3650 1489 3722 penitus·
1502 3650 1646 3709 sustinere
1668 3667 1727 3711 nott
1758 3668 1821 3729 pos

68 3762 164 3823 gnum
183 3761 214 3805 se
229 3745 265 3804 ad
281 3745 507 3805 manifestandas
521 3745 644 3806 virtutes
674 3746 835 3805 dominicas
860 3762 923 3806 esse
964 3745 1039 3798 aeut·
1062 3738 1297 3811 Tuncttonenies
1321 3736 1461 3796 teretrum
1486 3750 1573 3809 super
1598 3744 1713 3811 terram,
1729 3740 1822 3803 virtu·

68 3837 261 3897 ministrnm:
277 3836 328 3894 sed
345 3844 440 3895 lamen
456 3837 526 3910 quia
541 3836 720 3897 diutinshoc
735 3836 924 3896 dissimulare
965 3836 1023 3888 tem
1038 3828 1114 3888 beati
1136 3826 1283 3887 Antistitis
1300 3826 1550 3902 praestolabantur.
1570 3828 1625 3888 His
1638 3846 1706 3904 ergo
1716 3846 1821 3909 exspe-

68 3940 130 3985 nou
152 3925 257 4000 potuit,
273 3923 436 3984 adducieos
455 3925 491 3984 ad
507 3940 538 3984 se
549 3926 667 3999 jubello,
682 3926 746 3984 sine
760 3925 820 3984 ullo
836 3933 922 3996 metu,
964 3920 1120 3990 ciaulibuS,
1142 3919 1240 3978 subito
1262 3919 1395 3977 reseratis
1418 3919 1541 3977 carceris
1554 3921 1646 3993 ostile,
1663 3922 1821 3983 trabeaitta

69 4012 144 4073 lacto
157 4017 273 4071 tantum
286 4012 369 4085 signo
383 4011 478 4071 crucis
500 4028 516 4071 e
540 4018 649 4085 contra,
671 4013 761 4073 verbo
780 4013 924 4073 daemonia
965 4027 1023 4086 qua
1037 4011 1200 4070 vinctorum
1216 4010 1303 4083 pedes
1323 4009 1553 4080 coarctabantur,
1575 4012 1700 4086 repulsis
1727 4013 1819 4075 obici-

101 4156 194 4218 ·buae
224 4156 296 4211 inira
319 4159 353 4211 de
380 4159 584 4222 energumenis,
612 4162 677 4223 eto..
706 4161 741 4213 ad
773 4160 845 4213 beati
873 4162 925 4214 viri
998 4159 1128 4225 eiltqoot
1144 4157 1199 4218 ed„
1214 4156 1387 4210 dioeces-ortt.
1406 4157 1456 4220 il,
1473 4156 1648 4212 devorarant·
1817 4190 1822 4199 -

67 4226 173 4282 obitam
205 4228 371 4292 relernnittr,
413 4228 457 4281 hio
488 4228 621 4284 habentur
650 4231 678 4283 ln
710 4230 829 4285 editione
864 4231 927 4286 liol-
999 4228 1349 4293 ‘ialuitliregorituosiri
1365 4229 1459 4282 mater.
1477 4228 1602 4281 sicenim
1619 4228 1816 4295 appellabatur,

67 4298 143 4352 “⁰⁶¹
967 4305 994 4356 et
1009 4306 1067 4354 erat
1082 4301 1167 4352 sancti
1180 4299 1302 4363 Gregorii
1315 4311 1350 4351 ex
1365 4298 1419 4351 tilla
1435 4302 1535 4363 nepita.

102 4368 114 4399 ⁸
141 4368 198 4421 11⁰0
228 4368 417 4431 baptisterium
444 4372 540 4424 auctor
568 4370 633 4424 vite
664 4370 784 4424 damerii
812 4372 925 4426 somnii
998 4382 1011 4421 s
1036 4371 1083 4424 lile
1105 4370 1132 4423 ln
1147 4370 1266 4424 editione
1288 4369 1407 4422 bolland.
1434 4370 1607 4421 interseritur
1640 4370 1735 4425 brevia
1760 4386 1822 4429 nar·

66 4438 177 4495 abbatis
202 4442 302 4493 asculo
336 4452 378 4493 ιιι
406 4443 513 4506 scripta
553 4447 628 4506 putat
667 4442 752 4495 luisse
780 4444 944 4497 oraiotlnm.
967 4445 1036 4496 tillo
1065 4443 1100 4495 de
1146 4441 1323 4494 translatione
1354 4442 1438 4493 sancti
1472 4440 1581 4502 heutgni
1613 4453 1664 4504 per
1695 4447 1821 4501 saucium
1849 4482 1853 4487 .

66 4511 156 4564 sancti
200 4510 339 4574 vincentii,
372 4512 445 4577 quod
472 4512 605 4580 hodieque
645 4517 769 4578 superesi
804 4500 1122 4575 basilicderegorlum
1151 4510 1263 4578 (lequa
1293 4512 1320 4562 in
1351 4509 1396 4564 lib.
1415 4511 1452 4580 ,de
1478 4510 1548 4562 iiior.
1577 4516 1654 4564 mart.
1686 4525 1745 4580 cap.
1768 4517 1820 4581 til,

67 4582 158 4636 aanotl
176 4581 301 4646 stephani
329 4583 449 4635 ticinum
478 4587 506 4635 et
527 4586 688 4651 auitjecinm,
704 4584 805 4650 absque
836 4586 926 4653 aliquo
969 4591 1025 4638 tum
1053 4583 1087 4637 de
1112 4582 1224 4635 basilica
1257 4581 1422 4645 Benlgoiatta
1447 4582 1597 4634 abeodem
1622 4585 1768 4647 exstructa,
1793 4591 1823 4640 et

67 4650 159 4703 titulo.
194 4651 316 4706 Ecclesia
347 4658 440 4705 tamen
479 4656 565 4707 sattoll
596 4655 708 4707 loannis
737 4656 763 4707 lu
797 4656 927 4710 chronico
967 4654 1108 4709 monachis
1142 4653 1244 4705 tbldem
1277 4652 1417 4713 tusiitrttis,
1451 4664 1512 4718 qna·
1540 4650 1601 4705 inse
1633 4653 1659 4703 ln
1691 4654 1822 4713 chronico

68 4722 237 4787 benigniano
266 4725 452 4787 baptisterium
473 4724 557 4780 luisse
583 4727 707 4789 dloiiur3
737 4726 829 4793 ibique
849 4740 927 4781 oont-
968 4728 1132 4789 benigniano
1148 4726 1293 4777 narrantur
1308 4728 1373 4775 tom.
1390 4721 1400 4775 l
1415 4723 1550 4789 spicilegii
1566 4723 1718 4778 ieherlanl.

70 4793 168 4861 plures
183 4795 519 4862 erantssortereliquite.
999 4795 1010 4827 ¹
1041 4796 1148 4849 Passtm
1172 4795 1245 4857 apud
1275 4794 1432 4857 dtegortum
1464 4806 1519 4847 vox
1545 4807 1595 4859 per
1624 4800 1743 4852 occurrit
1770 4812 1821 4865 pto

103 4862 213 4923 ‘duam
246 4864 366 4930 religiosi
392 4868 482 4919 essent
510 4866 574 4920 olim
601 4866 695 4923 clerici
721 4870 749 4921 ln
765 4870 928 4933 persolven-
968 4870 1088 4933 prodier·
1106 4878 1167 4930 1111ω
1184 4866 1225 4917 ⁸¹⁰
1248 4869 1292 4918 0⁸¹
1316 4864 1359 4917 ¹¹¹0
1385 4863 1553 4930 defimenda.
1570 4865 1638 4918 ¹¹¹³ss
1654 4868 1698 4920 dle
1730 4871 1745 4923 1
1771 4870 1820 4926 Ja-

70 4934 117 4987 dis
150 4934 245 4987 olliciis
280 4937 387 4995 divinis,
422 4938 477 5000 iam
510 4949 564 4990 non
592 4940 677 4992 semel
714 4941 927 4994 observavimus.
968 4941 1057 4991 nuarii
1072 4937 1175 4991 obiisse
1186 4936 1239 4989 dici
1251 4948 1305 4989 uon
1318 4939 1418 5002 posset.

72 5000 245 5057 amanteum
277 5018 387 5058 caratam
424 5007 541 5070 appellat
578 5012 689 5063 sancius
721 5010 864 5063 iudoetrns
901 5011 929 5063 lu
1000 5008 1007 5039 ¹
1034 5008 1212 5072 interpolator
1235 5006 1370 5071 bolland„
1394 5007 1441 5059 ttbt'
1470 5007 1501 5060 ob
1531 5007 1702 5063 devotionem
1730 5013 1821 5069 ιιιιιοιι·

69 5072 132 5126 tha
158 5076 245 5128 sancti
272 5076 359 5139 liltgii,
390 5076 434 5128 lib.
468 5089 486 5135 t,
519 5091 594 5131 aum.
624 5080 662 5139 tl,
689 5078 735 5131 ttbi
754 5079 844 5133 laudat
863 5093 929 5134 san·
970 5079 1249 5146 Bmipnt'tcpetterot
1271 5076 1414 5133 tumulari.

70 5150 149 5199 otum
174 5148 263 5198 virum
289 5149 404 5213 eJttsqne
430 5150 553 5210 ciericos,
581 5150 626 5214 qul
644 5170 657 5196 ι
675 5150 721 5204 diu
741 5157 877 5217 noctuque
903 5153 930 5205 itt
1001 5152 1066 5206 isio
1092 5150 1185 5211 laud..
1221 5149 1285 5204 sett.
1311 5154 1338 5203 ei
1366 5149 1448 5209 colb..
1492 5162 1542 5213 pto
1567 5153 1745 5217 opprooottrr.
1774 5152 1821 5209 ld.

72 5218 140 5281 aius
160 5228 270 5270 camera
291 5231 353 5271 cum
381 5220 453 5271 omni
481 5220 570 5272 studio
589 5220 748 5276 solemniter
770 5224 931 5276 canonicum
971 5224 1079 5281 haberti,
1092 5221 1238 5287 oppraoott'
1251 5222 1406 5287 gestatores.
1424 5220 1633 5286 dax..sotr'patt'.

73 5286 227 5351 adimplere
251 5288 395 5342 studebant
425 5302 570 5343 cursum·
604 5290 633 5343 dt
662 5291 733 5345 inira
764 5306 858 5347 currat
877 5306 930 5347 vo·
1005 5293 1016 5324 1
1043 5292 1078 5346 ita
1100 5295 1142 5346 eat
1171 5293 1289 5347 ecclesia
1315 5293 1401 5345 sanci
1429 5290 1563 5357 stephani,
1588 5296 1683 5356 postea
1704 5305 1722 5346 a
1746 5304 1826 5351 catto

73 5368 139 5410 eam
165 5358 284 5425 explicat
310 5374 317 5412 r
364 5380 377 5407 o
410 5361 489 5425 dum,
522 5356 616 5429 inquil,
648 5364 769 5419 risitaret
804 5367 932 5420 dttetesln
973 5364 1041 5418 niois
1056 5362 1228 5429 regularibus
1251 5375 1389 5429 possessa,
1417 5363 1462 5427 qui
1489 5374 1560 5415 attno
1589 5363 1649 5416 toti
1674 5362 1739 5419 lacti
1761 5368 1826 5421 ataui

74 5438 165 5491 auam,
196 5435 226 5483 tat
253 5429 341 5483 solent
370 5432 500 5498 episcopi,
531 5432 647 5498 quadam
681 5448 715 5487 ex
743 5447 825 5490 causa
852 5439 933 5489 inter·
976 5433 1132 5488 saculares.
1163 5434 1248 5498 dolos
1290 5434 1430 5486 historiam
1470 5444 1559 5499 nuper
1594 5434 1677 5489 edldli
1720 5434 1765 5491 rit
1789 5434 1826 5491 el.

75 5499 155 5557 diali,
182 5512 218 5553 ne
245 5513 351 5562 curans,
372 5502 399 5554 ld
426 5508 466 5555 eet
500 5515 597 5568 preces
621 5504 758 5558 canonicas
773 5512 799 5557 at
828 5506 934 5561 taorid-
975 5506 1099 5559 claudius
1114 5504 1169 5558 lior
1182 5505 1307 5567 ciusdem
1320 5505 1502 5556 ioclabhisel
1515 5508 1690 5559 restaurator.

77 5570 152 5623 elam
179 5570 384 5628 celebrarentur
410 5575 438 5627 in
463 5574 575 5627 bastlica
606 5577 729 5641 quadam,
760 5578 850 5631 donec
875 5578 935 5644 ipse
1007 5576 1227 5643 'interpolatorr
1256 5575 1297 5627 Art
1312 5575 1465 5639 antiquitat
1481 5582 1665 5632 contractant
1687 5579 1712 5630 et
1732 5576 1827 5642 tmui-

71 5640 197 5707 1uberet.
211 5664 225 5687 ·
822 5662 827 5671 ·
976 5648 1046 5702 tarta
1056 5646 1263 5714 disponentium
1273 5646 1432 5711 pontificum
1448 5646 1619 5712 insignitum.
1665 5710 1669 5717 ,

107 5712 119 5743 ⁴
133 5711 210 5775 Boii.
228 5715 259 5768 ιιι
272 5716 511 5784 primordiali..
526 5716 558 5771 t'tt
568 5716 668 5783 ptimo.
