3794 6128
160 246 208 303 ilbi
664 270 671 285 ι
758 252 968 311 suspectati
987 253 1208 316 scitolnsbtct
1568 315 1574 327 ,
1735 266 1789 322 Μ

155 363 184 420 in
200 364 238 419 ira
253 373 403 421 commotus
415 364 491 436 iubet
509 379 603 422 mones
617 367 737 424 Francos
755 378 785 424 ut
798 371 943 437 hostiliter,
959 367 1127 440 Al‘ippinns
1150 389 1209 444 rex,
1237 371 1349 432 cbristo
1376 377 1454 447 dure,
1481 392 1542 433 rum
1568 379 1641 434 omui
1669 385 1790 437 exercitu

156 455 254 526 placito
280 458 412 523 institttto,
428 458 461 512 aii
476 457 598 528 Ligerem
614 461 761 516 venissent.
786 461 943 518 Commotu-
996 460 1171 529 Frartcorum,
1188 481 1249 521 cum
1264 469 1349 523 muita
1369 469 1460 537 prada
1474 478 1502 525 et
1515 470 1619 542 spoliis,
1633 470 1732 528 ilerum
1745 487 1792 528 re·

154 564 209 620 aitte
221 550 341 604 exercitu
364 566 425 606 curn
444 551 519 607 omni
537 553 728 621 multitudine,
744 554 842 609 iterum
858 569 942 622 usque
995 565 1089 606 versus
1103 562 1145 608 est
1159 553 1192 608 ad
1206 555 1298 611 sedem
1313 558 1460 626 propriam.

156 641 189 694 ad
210 640 309 696 'frecas
329 642 462 707 accessit,
486 641 549 699 inde
564 659 611 711 per
625 643 822 700 butisiederum
844 643 877 699 ad
892 644 944 700 Ne·
1029 642 1216 712 dmnccuxut,
1229 660 1354 701 occurre.
1366 677 1402 689 -
1413 647 1542 705 cxxvii.
1555 649 1636 707 Facta
1645 660 1688 708 est
1698 662 1788 708 autent

128 786 130 791 Ι
155 743 267 785 vernum
282 732 513 798 urbemn-eniens·
538 734 641 805 [ἱερῆς
663 736 745 791 fluvio
764 745 940 803 [numenio.
995 728 1072 802 ionga
1084 733 1222 790 altercatio
1236 735 1305 791 iuter
1318 737 1458 805 Pippinttm
1474 753 1563 810 regem
1583 740 1790 796 Ffdncofililief

122 800 130 898 i
154 822 188 880 gd
202 834 331 892 murum,
354 826 430 896 cuju,
454 843 551 884 „omen
570 831 706 901 esissffi
727 829 894 895 umbones,
916 828 942 884 j„
995 817 1154 876 waifarium
1170 823 1323 892 aquitaniae
1343 826 1502 897 principem.
1525 828 1654 898 Pippinus
1670 844 1716 885 rex
1733 830 1789 885 beu

154 929 250 986 pagum
275 917 570 988 bitorinumperrenil.
591 920 713 991 Cumque
728 922 755 976 in
771 937 837 992 gyro
854 930 942 978 eastra
995 915 1141 970 auxiliante
1155 919 1239 986 magis
1253 933 1286 970 ac
1298 918 1384 990 magis
1395 933 1538 984 crescens,
1553 931 1581 976 et
1593 935 1701 992 semper
1717 919 1745 976 in
1758 934 1788 976 se

154 1007 297 1078 posuisset,
318 1008 408 1064 subito
429 1024 443 1064 a
463 1009 575 1065 Francis
588 1020 684 1079 captus
703 1020 782 1081 atque
797 1027 943 1067 succensus
995 1010 1054 1077 ipsu
1076 1010 1213 1065 robustior
1234 1011 1401 1078 izrcttts,est;
1427 1026 1489 1081 pars
1509 1021 1598 1068 autern
1622 1010 1747 1067 waifarii
1760 1022 1787 1068 et

152 1105 204 1164 ast,
220 1105 247 1151 et
263 1097 385 1152 bomines
406 1096 543 1167 waifarii,
570 1117 636 1170 quos
653 1100 752 1156 ibidum
769 1101 883 1166 invenit,
900 1118 943 1158 se·
994 1101 1053 1169 eius
1066 1102 1212 1172 tyrannitas
1233 1101 1391 1158 decrescens
1405 1102 1534 1172 quotidie.
1551 1104 1696 1160 waifarius
1711 1106 1788 1176 prin-

152 1199 212 1242 cum
239 1187 324 1253 duxit,
352 1189 496 1244 maximam
520 1199 623 1259 partem
648 1191 799 1262 aquitania·
822 1205 942 1263 restans,
993 1207 1059 1259 ceps
1071 1208 1180 1262 semper
1194 1203 1288 1249 contra
1304 1195 1461 1264 predictum
1481 1210 1570 1264 regent
1585 1195 1730 1266 Pippioum
1748 1198 1788 1252 in-

152 1290 237 1346 usque
250 1277 345 1334 urbem
361 1278 580 1337 Arvernamcum
596 1285 668 1338 omui
683 1287 802 1340 exercitu
818 1288 941 1352 veniens,
994 1282 1075 1337 sidias
1094 1290 1189 1352 parare
1205 1285 1366 1340 dissimulat.
1382 1285 1449 1340 Nam
1471 1285 1638 1344 Mancionem
1659 1297 1788 1344 comllettl

151 1367 348 1431 claremontem
368 1368 515 1427 bcastrum
540 1383 647 1443 captum
677 1383 757 1445 atque
783 1390 942 1433 succensum
993 1371 1185 1429 consobrinum
1207 1387 1286 1429 suunt
1302 1374 1422 1444 partibus
1440 1375 1577 1431 Narbonae
1597 1392 1658 1431 cum
1675 1377 1789 1448 reliquis

152 1461 280 1521 bellende
290 1464 372 1532 cepit,
387 1464 624 1523 etmuititudinem
640 1467 790 1533 bominum,
802 1478 856 1523 tarn
868 1469 941 1523 tiro·
993 1462 1138 1518 tomifibill
1159 1464 1320 1532 lifilfmisib
1341 1475 1370 1522 ⁰²
1386 1466 1538 1535 ⁰¹¹⁸i⁰di²⁸r
1561 1483 1628 1537 liii·
1644 1468 1789 1539 predictus

151 1565 211 1617 tttut
226 1568 306 1623 quant
320 1551 482 1615 sentinarum
495 1555 537 1610 rei
553 1555 685 1611 inlautum
699 1555 830 1627 plurimos
841 1557 869 1613 itt
884 1557 943 1627 ipso
993 1568 1042 1609 τοι
1062 1553 1226 1622 Narbonam,
1248 1566 1360 1628 liwiiier
1383 1566 1490 1630 semem
1514 1559 1728 1616 &memorum
1751 1561 1786 1618 td

151 1642 279 1706 incendio
299 1654 500 1702 cremaverunt.
528 1645 685 1702 blandinum
706 1648 833 1704 comiteur
859 1648 943 1718 ipsius
994 1645 1199 1703 custodiendum
1227 1649 1359 1716 miserat,
1385 1666 1419 1707 tte
1445 1660 1492 1707 aut
1517 1652 1666 1718 iutrarent,
1695 1650 1786 1710 antri

150 1734 224 1795 tubis
239 1733 394 1791 arvernicae
415 1745 619 1809 consumatque
642 1738 751 1808 ligatum
766 1738 800 1794 ad
823 1753 940 1809 praesen·
954 1743 979 1803 Β
992 1736 1100 1808 quando
1125 1737 1220 1793 iterum
1245 1738 1273 1793 itt
1297 1739 1409 1809 patriam
1422 1750 1436 1780 0
1449 1745 1664 1810 reverterentur,
1689 1755 1787 1812 capere

138 1824 215 1885 qiam
241 1823 310 1895 rogis
335 1824 516 1894 adluxerunt,
538 1837 566 1882 et
588 1828 665 1883 multi
688 1828 835 1885 wascones
858 1829 885 1885 in
907 1845 941 1887 eo
992 1837 1038 1882 aut
1055 1828 1209 1891 interlicere
1222 1844 1270 1885 ens
1283 1833 1444 1900 potuissent.
1467 1832 1632 1889 factumest
1646 1842 1738 1889 autem
1756 1839 1787 1888 ιιι

150 1916 244 1991 prurio
257 1919 327 1989 capri
348 1928 431 1988 arque
448 1920 581 1976 intersecui
597 1931 670 1977 sunu,
690 1921 834 1999 lgtgufym
847 1922 939 1994 puppi.
992 1917 1153 1975 dttsuaitius
1176 1929 1327 1986 comessi
1346 1920 1518 1977 Galemaoius
1544 1923 1662 1992 itemque
1682 1937 1785 1991 mutes,

149 2025 213 2079 nus,
233 2011 406 2080 urbecapta,
425 2026 458 2068 ttc
476 2013 585 2083 regione
607 2013 652 2068 ilia
667 2022 721 2070 tota
741 2022 855 2081 numia,
878 2031 939 2072 eum
991 2022 1053 2064 cum
1073 2009 1181 2080 paribus
1203 2026 1297 2066 eurum
1323 2012 1356 2066 ad
1382 2014 1488 2081 propria
1510 2022 1721 2076 reuerterentur,
1743 2013 1786 2068 itic

149 2103 239 2174 praeda
254 2113 281 2158 et
295 2103 379 2171 spolia
407 2104 501 2168 muita,
519 2103 575 2167 ileu
593 2103 756 2168 ausiliante,
771 2119 833 2161 cuat
856 2104 941 2162 illuso
992 2100 1097 2157 blancio
1120 2117 1173 2157 una
1200 2117 1261 2162 cunt
1283 2104 1454 2161 multitudine
1477 2106 1564 2174 gentis
1586 2103 1785 2161 waseerromta

149 2199 268 2257 exercitu
284 2197 380 2254 iterum
394 2195 524 2252 remearit
537 2197 570 2250 ad
583 2196 700 2265 propria.
715 2194 826 2251 sacrun
838 2204 881 2251 est
893 2211 941 2251 au·
991 2208 1073 2262 super
1091 2210 1139 2251 ens
1154 2196 1241 2262 irruit,
1263 2196 1367 2252 fortiter
1381 2197 1451 2253 inter
1468 2211 1498 2252 sp
1519 2197 1690 2261 dimicantes,
1706 2213 1777 2265 pre-

150 2296 204 2351 tem
215 2297 245 2361 ut
258 2295 398 2358 postquam
415 2286 544 2359 Pippimts
558 2302 605 2342 rex
626 2288 720 2343 urbem
735 2287 884 2349 internam
895 2301 942 2344 ce·
991 2284 1080 2343 dictus
1094 2285 1267 2344 Gaiemanius
1283 2296 1312 2344 et
1328 2287 1486 2343 australdus
1499 2287 1600 2344 ibidem
1615 2288 1782 2344 llaociunem

150 2377 201 2450 pit,
216 2379 354 2446 regionem
371 2377 443 2432 illam
460 2386 542 2433 totam
554 2377 678 2433 rasuris.
992 2386 1016 2430 et
1029 2378 1169 2432 universos
1188 2392 1266 2447 pares
1280 2393 1355 2445 suos,
1369 2379 1424 2434 lieo
1439 2376 1592 2448 adjurante.
1606 2379 1782 2436 interficiunt.

184 2471 235 2527 du.
261 2484 376 2526 nectxu.
391 2498 427 2511 -
441 2468 558 2525 dixit.
585 2468 713 2539 Sequenti
738 2480 820 2531 anne,
844 2466 871 2522 id
898 2477 941 2524 est
991 2467 1056 2535 liae
1079 2477 1223 2525 cernentes
1247 2468 1396 2526 wascones
1420 2480 1492 2540 terga
1515 2480 1664 2536 uerterunt,
1690 2488 1783 2528 omttes

149 2577 221 2627 ponc
235 2562 378 2621 undecimo
393 2559 469 2632 regni
489 2561 583 2631 ipsius,
606 2575 667 2618 cunt
683 2560 806 2616 universa
821 2561 941 2616 tnuititu·
991 2559 1095 2629 equites
1114 2556 1160 2629 ild
1182 2570 1230 2629 est,
1251 2558 1360 2631 equcsi,
1384 2575 1453 2632 ques
1477 2559 1577 2616 ibidem
1604 2561 1782 2628 adduxerant,

149 2651 211 2717 dirae
225 2653 315 2724 gentis
330 2653 495 2719 Francorum
508 2651 637 2708 bitoricas
651 2650 735 2718 uertit,
750 2661 838 2706 castra
852 2661 939 2707 meta·
990 2645 1159 2713 aurisonum
1179 2656 1284 2723 munies
1298 2647 1434 2718 raiiesque
1449 2658 1634 2717 pervagantes,
1649 2650 1731 2719 pauci
1743 2658 1782 2705 ta-

144 2754 192 2806 vttts
205 2744 382 2816 estundique,
398 2755 426 2802 et
438 2745 639 2814 omniaqurein
652 2759 720 2815 gyro
733 2743 940 2799 [nunnunquam.
992 2749 1054 2797 meu
1068 2735 1111 2790 tir
1131 2735 1263 2807 fugaciter
1283 2747 1437 2793 eraserunt.
1452 2738 1505 2809 ipsi
1529 2753 1593 2793 tero
1617 2754 1680 2794 cum
1700 2740 1782 2797 muita

152 2833 200 2891 rit.
212 2834 407 2904 circumsepsit
426 2837 522 2891 urbem
534 2835 682 2891 munitione
695 2832 879 2898 fertissintam,
903 2836 939 2891 ita
991 2826 1094 2896 preda.
1109 2828 1150 2885 rel
1165 2828 1300 2899 equitibus
1312 2838 1340 2886 et
1353 2828 1458 2902 spoliis,
1481 2845 1543 2893 curn
1565 2829 1666 2903 gaudio
1682 2832 1781 2913 reversi

151 2937 182 2990 ιιι
195 2927 284 2982 nuilus
295 2927 386 2998 egredi
400 2939 481 2982 austu
496 2925 602 2989 fuisset,
618 2935 665 2980 aut
677 2924 781 2995 ingredi
797 2925 938 2993 potuisset.
991 2920 1100 2981 suntad
1117 2922 1237 2990 propria.

151 3014 217 3078 fiunt
231 3017 363 3072 maeltinis
381 3015 496 3071 etontni
516 3028 616 3087 genere
638 3029 775 3070 armorum
789 3013 940 3076 circumde-
1025 3012 1106 3085 697
1121 3011 1263 3080 Clixiiili.
1277 3012 1345 3069 bum
1361 3012 1403 3070 itis
1422 3021 1450 3070 ei
1467 3013 1528 3070 aliis
1542 3013 1628 3070 modis
1643 3013 1781 3071 francici

151 3111 192 3167 dit
205 3125 264 3166 eam
279 3110 360 3175 vallo,
376 3110 467 3165 multis
482 3109 639 3174 vulneratis,
664 3108 839 3181 plurimisque
853 3109 975 3172 inter-c
992 3104 1139 3168 thcottefl
1158 3119 1266 3175 sember
1289 3107 1359 3167 iulet
1378 3120 1409 3162 se
1428 3107 1608 3172 altercarent,
1625 3105 1781 3177 chilpingus

150 3200 238 3266 fectis,
254 3200 399 3269 tractisque
411 3200 495 3255 muris
509 3198 581 3270 cepit
592 3198 696 3266 urbem,
712 3208 740 3255 ei
751 3199 869 3255 restituit
879 3213 938 3256 eant
989 3211 1081 3252 comes
1098 3201 1298 3263 arvernorum,
1321 3197 1435 3253 collecte
1457 3197 1574 3269 nuruique
1596 3197 1780 3261 exercituin

150 3293 243 3354 ditioni
259 3307 316 3348 suae
328 3292 388 3362 jure
404 3290 499 3361 praiii,
513 3299 541 3346 et
555 3287 678 3357 homines
698 3289 767 3358 ilios,
784 3304 852 3358 quus
865 3288 939 3344 wai·
990 3301 1058 3357 page
1072 3286 1245 3359 Lugduneusi
1267 3286 1296 3354 iu
1317 3303 1400 3358 regno
1423 3287 1584 3358 burgundiae
1607 3289 1642 3344 ad
1656 3291 1781 3360 praedan-

151 3385 234 3450 itrius
255 3384 288 3439 ad
306 3382 504 3442 defendendum
528 3380 614 3450 ipsam
635 3379 769 3442 civitatem
790 3379 937 3446 dimiserat,
989 3378 1052 3433 dum
1067 3377 1122 3450 [li.
1141 3375 1331 3448 preliandum]
1356 3379 1494 3440 arubuiare
1516 3379 1663 3442 nitebatur.
1681 3380 1780 3436 Corrtra
1845 3398 1880 3434 ι

150 3479 291 3543 clementia
307 3491 362 3531 snm
384 3474 491 3546 pietatis
510 3473 634 3542 absolvit,
658 3472 816 3541 dimissique
837 3474 938 3533 reuersi
989 3486 1068 3540 quent
1082 3469 1232 3529 adalardus
1250 3484 1341 3526 cemes
1353 3470 1562 3534 cavalonensis,
1578 3481 1606 3527 et
1620 3473 1782 3537 australdus
1805 3484 1887 3526 a

151 3579 213 3637 punt
227 3568 261 3624 aul
276 3570 394 3638 propria.
412 3567 568 3622 Unibertttm
588 3563 655 3638 [at.,
668 3561 838 3635 Umbertum]
852 3564 938 3625 eunti·
989 3559 1114 3629 idemque
1126 3572 1234 3626 comes,
1245 3573 1305 3613 cum
1323 3559 1431 3628 paribus
1445 3573 1537 3614 eorum
1553 3568 1648 3615 contra
1662 3576 1725 3618 eunt
1737 3578 1782 3618 re·
1796 3582 1892 3611 ·--·

151 3666 205 3719 iettt
220 3669 247 3714 et
258 3659 376 3729 reliques
389 3655 547 3721 wascones,
562 3669 631 3724 qnos
651 3652 750 3709 ibidem
766 3654 876 3721 inuenit,
894 3668 939 3708 sn·
989 3650 1114 3715 trientes,
1137 3658 1165 3705 et
1183 3663 1264 3717 super
1279 3647 1390 3703 butrium
1411 3647 1514 3717 Ligeris
1540 3649 1648 3707 fortiter
1667 3653 1739 3710 iuter
1765 3680 1777 3716 9.
1810 3677 1842 3699 -2
1861 3695 1886 3707 ,

149 3751 295 3814 annuentis
316 3749 386 3805 datis
409 3761 501 3803 secum
523 3745 653 3813 adducit,
675 3760 773 3801 uxores
791 3761 884 3815 corum
907 3758 939 3802 ac
988 3741 1167 3806 dimicantes,
1183 3739 1271 3795 statim
1283 3738 1441 3810 chilpingus
1455 3756 1547 3797 comes
1565 3742 1591 3796 in
1606 3757 1641 3799 en
1656 3744 1753 3814 praelio
1765 3755 1875 3808 ιιι

150 3842 248 3903 iiberus
264 3844 290 3896 in
312 3841 449 3898 i'rartuitm
465 3838 603 3903 ambulare
620 3838 764 3910 precepit,
789 3851 881 3898 muros
897 3838 939 3909 ip·
987 3833 1197 3904 suprascriptis
1219 3831 1362 3892 comitibus
1386 3832 1491 3892 occisus
1516 3842 1577 3900 est,
1600 3844 1628 3894 et
1643 3835 1725 3906 multi
1738 3837 1822 3908 qai?
1895 3847 1896 3855 ¹

150 3936 209 3994 sius
223 3936 347 3992 Bituricae
361 3933 476 3998 ciuitatis
487 3942 639 3990 restaurare
647 3932 734 4002 iubet,
752 3935 939 4002 comitessuos
988 3941 1048 3983 eunt
1059 3939 1092 3982 eo
1104 3929 1243 3984 venerant.
1260 3922 1357 3985 ibidem
1369 3920 1502 3983 interfecti
1517 3934 1589 3979 suot.
1608 3923 1672 3980 tino
1687 3926 1763 3983 ride
1872 3945 1888 3962 ·

148 4029 232 4100 mg
255 4030 280 4083 j„
304 4028 390 4096 ipsam
411 4025 547 4082 pirineum
571 4025 605 4081 ud
627 4025 831 4081 custodiuntur„
854 4025 936 4081 misit,
989 4014 1190 4072 teswaseones
1212 4022 1285 4082 terga
1310 4011 1828 4088 tertut113ritpaucisiivisetpa—

148 4121 215 4183 iade
233 4136 294 4177 uum
309 4121 381 4178 tumui
397 4121 518 4175 exercitu
536 4117 719 4183 Francorum,
742 4131 826 4186 usqne
840 4117 873 4172 ud
892 4132 938 4171 ca·
989 4111 1097 4167 indibus
1112 4105 1224 4178 ingressi
1238 4115 1392 4162 evaserunt.
1416 4105 1570 4177 rimanugus
1583 4121 1678 4164 cernes
1689 4109 1827 4166 Pecta‘
1875 4120 1877 4126 '

147 4222 232 4267 strum
247 4211 317 4282 quod
331 4219 442 4276 uocatur
455 4208 585 4265 'foarcius
601 4207 736 4262 ⁰teniens
750 4225 756 4261 :
769 4221 885 4278 cumque
910 4208 937 4263 in
988 4201 1077 4257 retusis
1091 4199 1154 4255 dum
1175 4197 1337 4252 Turonitam
1361 4195 1514 4251 infestatam
1529 4195 1687 4267 praedaret,
1707 4211 1737 4257 et
1749 4191 1862 4257 sid
1877 4226 1882 4236 ·

147 4271 213 4377 gyro
226 4315 312 4361 eastra
330 4303 474 4373 posuisset,
496 4301 553 4369 ipse
574 4296 704 4354 castrusd
718 4298 784 4354 ruira
801 4299 938 4357 celeritate
989 4292 1141 4348 bominibus
1156 4288 1269 4344 wlfardi
1290 4286 1393 4370 abbatis
1408 4288 1566 4342 monasterii
1586 4288 1658 4343 beati
1674 4288 1814 4360 Martini
1827 4271 1893 4342 θ’

146 4406 252 4469 capitttn
267 4407 346 4465 atque
356 4407 513 4450 succensum
527 4400 579 4447 est.
592 4389 739 4445 wascones
753 4404 821 4457 qous
836 4387 935 4444 ibidem
989 4384 1148 4448 interiectus
1165 4391 1228 4449 esi,
1250 4390 1278 4436 et
1291 4381 1382 4450 piures
1396 4379 1442 4451 qui
1461 4395 1521 4435 com
1537 4396 1571 4437 eo
1583 4382 1685 4446 ibidem
1701 4384 1885 4442 renes*

148 4489 260 4563 inseruit,
287 4500 339 4557 nna
361 4500 423 4558 cnnq
446 4485 505 4554 ipso
518 4484 617 4555 comite
635 4481 712 4538 duxit
732 4480 760 4537 in
782 4477 1072 4555 Franciam,1irant,¹
1093 4491 1153 4532 curn
1177 4472 1238 4543 ipse
1258 4471 1360 4542 pariter
1373 4469 1540 4540 ceciderant.
1562 4471 1668 4542 iieliqui
1680 4482 1729 4545 qui
1743 4484 1879 4533 ref

183 4658 196 4688 ¹
218 4650 318 4719 [turpior
333 4647 465 4715 ertbubrs
480 4645 594 4708 numinis
607 4653 739 4713 castrum,
755 4641 791 4699 ob
804 4658 933 4714 aquarum
988 4641 1135 4700 custodiam
1157 4637 1220 4692 oiim
1230 4636 1380 4720 exstitisse,
1393 4630 1502 4714 claram
1520 4643 1638 4714 montem
1649 4631 1761 4690 ‘nebim
1775 4640 1852 4705 ὕ

147 4720 330 4780 salubritatem
345 4719 464 4781 celebre,
480 4716 514 4774 td
528 4717 636 4771 circiter
657 4715 752 4776 leucis,
768 4714 935 4782 intermediis
988 4715 1059 4784 quod
1076 4721 1165 4780 postea
1188 4717 1241 4790 tott⁸
1260 4705 1318 4762 nrbt
1346 4719 1444 4759 ttttiiten
1469 4700 1571 4783 trrbutt,
1595 4717 1657 4785 cum
1686 4709 1848 4776 nerant&

148 4797 236 4854 frumen
261 4787 347 4853 ligeri
367 4796 394 4842 et
417 4787 521 4852 Elaueri
538 4785 637 4849 fluviis,
652 4799 710 4839 ase
724 4782 839 4840 invicem
853 4787 936 4841 disei—
989 4783 1120 4840 beliorum
1136 4778 1294 4833 tumultibus
1309 4790 1362 4829 non
1384 4772 1467 4828 semei
1492 4772 1589 4853 stolata
1611 4789 1641 4854 Ιιιι
1657 4785 1817 4835 meulent

147 4870 214 4924 trun,
225 4859 328 4918 seilicet
342 4858 430 4915 burrho
444 4857 545 4912 dnseili
558 4853 816 4926 (Bentian-burrey),
826 4856 858 4909 ad
871 4855 936 4913 det·
990 4852 1118 4907 translata
1140 4850 1246 4903 tuis-set.
1259 4846 1284 4901 lu
1299 4846 1395 4915 probat
1409 4859 1441 4896 es
1455 4842 1524 4926 tetigt
1549 4841 1710 4908 inditione·
1734 4862 1805 4915 que·

146 4939 231 4986 terant
251 4927 354 4998 Ligeris
366 4930 450 4995 ripam
471 4928 497 4990 in
513 4926 662 4993 AEduorum
678 4926 788 4990 ilrtiitus,
804 4938 830 4981 et
844 4925 934 4983 Burbu
989 4924 1040 4979 leci
1055 4920 1150 4979 turonia
1164 4918 1255 4999 vineta⁸
1264 4926 1293 4970 et
1306 4925 1391 4979 terras
1403 4913 1461 4967 urbt
1475 4925 1586 4993 ructuas,
1602 4917 1687 4983 vulgo
1700 4916 1728 4970 ia
1743 4918 1806 4971 ctae

145 4999 341 5063 Ereitembaitii,
366 5013 413 5054 sert
437 4994 469 5049 ad
494 4996 593 5063 iiainea
617 4995 706 5051 dicius
719 4994 933 5060 incurios-ilir-
988 5004 1025 5060 to,
1037 5006 1095 5048 eam
1118 5003 1183 5044 reru
1197 4987 1271 5052 utilis
1284 4995 1385 5053 partum
1400 4997 1460 5052 ¹1¹¹ae
1474 4991 1573 5036 ¹¹¹⁰¹¹²¹⁵
1587 4995 1726 5048 &iumen
1737 5002 1792 5043 οι·

143 5070 296 5135 citmannd,
313 5084 361 5133 seu
373 5065 651 5136 ficarios-infidias),
676 5069 702 5120 in
723 5063 819 5119 finibus
834 5065 933 5131 Bituri-
987 5075 1077 5134 unpat,
1089 5060 1229 5126 cipit-mani
1244 5055 1388 5124 diffiniit·
1429 5123 1436 5136 ,

144 5155 217 5212 gunt,
234 5145 277 5197 iric
300 5145 477 5201 rtrurnoratus3
494 5137 538 5205 qni
564 5135 759 5204 augustissimae
785 5134 932 5190 borbonio-
1024 5133 1133 5190 rSitum
1144 5138 1185 5184 est
1200 5129 1225 5181 in
1237 5125 1375 5181 Pictonum
1391 5123 1498 5192 limbus,
1511 5121 1733 5207 suigeiboenrs
1744 5128 1781 5181 di-

144 5224 204 5265 runt
218 5212 335 5276 famiiire,
357 5223 427 5264 nuuc
440 5205 602 5272 francorum
618 5204 707 5272 regia,
722 5219 818 5258 nomen
842 5204 928 5260 dedit.
990 5214 1074 5269 ctum,
1090 5200 1223 5266 hodieque
1236 5196 1355 5258 celebre.
1369 5194 1480 5276 titidlitts
1500 5194 1581 5276 lttttio
1602 5195 1779 5264 illustratum,

145 5270 212 5335 illie
227 5270 407 5350 urbessttpra
429 5285 582 5332 mensurate
595 5271 833 5344 Trecoeii'ropesi,
853 5274 929 5340 buti·
987 5269 1261 5343 quodanubiitssitna
1276 5264 1454 5320 Tremoiiroru
1497 5261 1776 5346 famtitapossidetur.

144 5349 280 5406 sindonum
295 5350 441 5421 (daretne),
456 5347 599 5402 Nirernmn
616 5342 724 5407 (Neaera
741 5353 911 5411 ,trotmsunu
986 5344 1125 5408 Aimuinus
1146 5338 1225 5405 babel
1248 5335 1394 5399 Cadurcio,·
1407 5349 1440 5386 an
1467 5333 1553 5394 'aiore
1569 5333 1691 5417 roitgerti
1711 5338 1776 5393 desi.

178 5414 342 5478 iobserrnt
363 5422 463 5474 paparo
489 5415 514 5480 iu
541 5413 694 5485 originibus
716 5414 836 5469 binrorn.
861 5413 929 5471 itanc
983 5413 1084 5484 gnare?
1101 5408 1218 5464 Auernales
1231 5405 1375 5487 Martenses
1390 5402 1499 5470 itabent,
1516 5401 1641 5463 Tirocrcn
1650 5417 1775 5474 castren,

143 5486 256 5557 primam
270 5503 329 5549 ease
341 5489 409 5554 apud
421 5488 527 5552 seierus
541 5495 663 5552 auctores
673 5483 846 5549 Clarimuutis
855 5501 929 5539 mco·
982 5501 1033 5554 qno
1046 5484 1071 5537 in
1085 5478 1221 5547 Aquitania
1233 5477 1334 5558 firmius
1345 5489 1397 5527 nott
1412 5483 1476 5556 nat.
1585 5542 1594 5557 ο

142 5554 255 5622 tionem,
266 5571 346 5625 quem
362 5569 454 5625 aperte
464 5559 497 5610 ab
511 5556 568 5625 ipsa
584 5557 704 5615 tinterna
720 5554 795 5619 urbe,
807 5553 841 5609 ab
857 5558 928 5610 linti-
1019 5552 1032 5592 ⁶
1051 5555 1096 5609 Sic
1111 5548 1179 5614 ilob,
1194 5560 1344 5627 prutprrrnt
1366 5554 1488 5626 castrum·
1504 5541 1568 5609 Ed..
1581 5559 1640 5626 ipsc
1653 5554 1776 5627 mittat.

141 5628 202 5697 quis
228 5632 482 5696 Augustonemetum
504 5625 649 5695 appellata,
676 5622 826 5694 distinguit.
854 5625 928 5683 loinrie
1017 5633 1029 5662 ι
1050 5623 1079 5678 itl
1091 5629 1145 5689 est,
1161 5619 1188 5675 itt
1203 5628 1352 5686 regtunem,
1365 5615 1539 5685 sctltcetqute
1557 5613 1676 5691 Ptpptuo
1689 5617 1779 5686 subpo*

140 5699 251 5769 cutrjiuil
261 5708 376 5754 castrum
392 5711 438 5750 seu
456 5710 543 5751 arcem
558 5697 583 5751 itt
599 5703 690 5752 tttottle
706 5694 793 5750 sicine
808 5694 840 5749 ati
855 5695 927 5750 urbis
979 5705 1022 5749 cta
1033 5703 1100 5748 erret.
