3794 6128
122 304 191 362 tur
658 304 701 362 os
718 304 1013 367 usurpantem
1030 305 1216 368 sttnsuno.
1542 290 1547 300 ’
1648 294 1755 363 ‘tus

120 416 307 473 suavissimus.
324 415 410 473 'laute
424 425 514 474 autem
537 417 589 473 luit
607 418 806 475 adventantum
822 424 910 475 multr·
927 420 1090 483 ABrictium
1103 434 1154 474 una
1167 434 1227 475 curu
1238 419 1312 475 clero
1323 427 1351 475 et
1361 419 1460 489 populo
1475 439 1482 475 ι
1497 406 1618 489 lsiituuae
1627 418 1752 485 consilia,

120 510 194 572 tudo,
210 516 339 579 quatitum
352 518 398 563 aut
412 509 486 564 locus
500 510 617 575 admisit,
628 520 674 566 aut
688 512 737 565 sim
754 514 794 568 rel
810 514 912 569 semitm
964 514 1033 570 sicut
1046 520 1124 567 craut
1139 512 1236 579 restiti,
1251 511 1415 581 sepelierunt
1433 527 1480 569 eus
1496 514 1523 568 iu
1538 527 1594 582 tpsa
1619 512 1686 569 cella
1710 513 1754 568 rel

120 613 219 670 capere
231 606 387 669 potuerunt.
398 599 497 655 brunes
512 601 693 658 febricitantes
705 606 745 657 rel
761 592 910 674 trigoritici,
964 603 1094 668 oratorio,
1109 614 1172 659 aute
1186 603 1271 658 altare
1285 603 1368 672 ipsius
1381 604 1501 667 stratoni,
1517 618 1531 656 a
1548 605 1626 658 beatu
1641 591 1755 657 llartino

120 693 165 762 nui
180 692 368 755 adveniebant,
380 692 440 746 sarii
454 689 673 758 reverlebantur;
690 693 787 763 leprosi
811 705 910 760 autern,
964 707 1024 748 cum
1041 694 1195 764 pignoribus
1216 705 1369 749 sanctorum
1396 695 1555 750 consecrati.
1580 693 1756 748 Transierunt

119 783 205 847 surdi,
221 783 287 837 muti
306 792 335 838 et
356 782 443 838 claudi
457 784 533 837 multi
556 785 730 840 curabantur.
754 784 913 839 bilerebau·
964 795 1052 839 autern
1070 784 1154 854 pridie
1178 783 1239 840 ltlus
1261 784 1429 848 Nouembris,
1453 784 1571 840 secundo
1592 783 1636 840 dle
1657 781 1755 838 sleito

119 881 218 946 tttrque
231 874 276 945 qui
290 874 383 931 venire
398 891 449 930 unu
464 884 586 944 poterant
608 875 635 931 in
650 875 727 932 lectis
741 885 769 931 et
782 875 912 946 grabatis,
964 877 1177 947 quncelebratur
1196 878 1324 933 transitus
1348 879 1433 933 sancti
1452 877 1569 941 llartini,
1592 886 1619 931 ct
1641 874 1757 945 depositi

119 976 150 1023 et
164 981 198 1022 es
221 966 313 1022 odoris
327 967 470 1037 fragrantia
491 969 606 1038 sospites
626 968 836 1024 revertebantur.
863 966 913 1023 Se·
964 978 1029 1023 suris
1042 966 1056 1007 t
1071 983 1118 1022 stu
1134 966 1266 1024 Kalendas
1290 965 1454 1024 beccnrbris.
1474 966 1525 1035 Qui
1549 967 1645 1036 sepulti
1667 969 1756 1032 terris,

120 1058 206 1127 ptimo
221 1056 328 1112 demum
340 1055 384 1113 die
394 1071 409 1112 a
421 1057 535 1112 transitu
546 1061 663 1129 ipsorum
677 1057 758 1112 abbas
773 1055 912 1124 llicardus,
965 1062 992 1114 in
1007 1061 1115 1115 Glrristo
1127 1074 1158 1114 se
1171 1059 1262 1114 nitere
1283 1059 1456 1115 manifestant
1469 1059 1611 1113 virtutibus
1630 1066 1659 1113 et
1679 1058 1758 1112 mira·

118 1149 290 1218 congregatis
305 1147 432 1204 iratribus
443 1149 530 1203 sancti
546 1148 714 1213 monasterii,
726 1147 759 1201 ad
775 1147 851 1202 lunus
867 1147 915 1201 ad·
965 1149 1049 1213 culis,
1063 1157 1208 1218 praestante
1219 1148 1314 1204 eodem
1328 1148 1392 1203 lesu
1407 1146 1516 1203 cbristo
1530 1148 1642 1202 bomine
1652 1156 1757 1214 nostro,

121 1235 181 1295 lult.
197 1237 268 1294 ttisit
279 1252 385 1310 quoque
396 1246 425 1295 et
438 1239 579 1295 accersivit
592 1239 789 1294 sanctissimum
810 1253 914 1304 senem,
964 1241 1011 1312 qui
1023 1240 1090 1295 sirit
1103 1248 1130 1295 et
1141 1248 1234 1309 regnat
1249 1254 1309 1294 curu
1325 1240 1380 1296 [leo
1393 1239 1474 1294 Patre
1488 1240 1514 1294 io
1530 1239 1632 1294 unitate
1643 1239 1758 1308 Spiritus

120 1331 263 1388 Turonieae
278 1334 385 1405 1202
394 1331 467 1389 sedis
479 1331 593 1388 civitatis
608 1332 750 1403 praesulem
766 1341 791 1399 ¹,
808 1332 914 1388 beatum
964 1333 1049 1388 sancti
1066 1332 1145 1397 bens,
1162 1346 1210 1403 per
1223 1332 1311 1387 uronis
1325 1333 1421 1387 secula
1436 1332 1607 1387 saeculorum.
1622 1335 1720 1386 nmen.

159 1493 173 1522 ⁸
193 1486 239 1543 Sic
252 1485 403 1553 Glar.;alii,
418 1484 915 1554 arctteptuopum.Quonouuuettre-
965 1486 1131 1544 monasterii.
1147 1486 1231 1542 Porro
1253 1495 1350 1555 preter
1373 1485 1423 1542 bos
1443 1487 1550 1553 Septem
1574 1485 1757 1549 bormieutes,

121 1556 191 1626 gorii
205 1571 263 1611 nro
278 1557 475 1625 lletropolitani
491 1557 518 1610 in
538 1556 684 1611 Occidente
694 1561 756 1609 'non
777 1557 915 1610 donaban—
965 1567 1030 1614 sunt
1041 1559 1086 1611 alii
1097 1557 1160 1613 iteur
1176 1557 1297 1613 celebres
1308 1557 1377 1624 apud
1388 1556 1534 1624 Ephesum,
1548 1556 1581 1610 de
1595 1554 1691 1625 quibus
1702 1557 1756 1624 agit

123 1637 177 1680 tur.
192 1625 246 1682 Nec
259 1641 292 1682 eo
306 1627 374 1681 alins
388 1641 498 1696 usquam
511 1642 575 1682 usus
589 1635 630 1682 est
644 1624 798 1696 Gregorius.
966 1627 1112 1697 Gicgorius
1126 1641 1186 1692 rap.
1202 1627 1237 1683 95
1251 1627 1310 1680 libri
1330 1643 1337 1681 t
1353 1626 1388 1681 de
1411 1627 1500 1681 Gloria
1523 1635 1634 1748 marten
1651 1625 1759 1694 Septem

159 1695 173 1734 l
192 1697 238 1752 Sic
251 1696 336 1762 Glar.;
350 1696 395 1751 alii
409 1704 510 1762 autern,
523 1697 665 1766 sepultique
674 1705 742 1751 suut.
758 1697 793 1750 Ex
807 1695 847 1750 liis
860 1695 915 1750 col·
967 1701 1031 1753 item
1044 1699 1071 1751 in
1088 1695 1226 1752 Germanis
1243 1695 1411 1753 bormieutes
1426 1696 1516 1750 laudat
1530 1697 1584 1750 Pau
1597 1710 1628 1750 us
1642 1696 1715 1750 biae.
1731 1696 1757 1747 in

124 1765 176 1845 llge
190 1782 242 1822 non
255 1781 361 1836 semper
370 1765 535 1838 depositionis
548 1767 600 1820 rtiei
611 1766 719 1822 nornine
729 1765 841 1835 intelligi
852 1781 913 1819 eum
931 1770 1015 1855 Blib.
1030 1784 1038 1824 ι
1052 1769 1086 1824 tle
1100 1765 1189 1822 Gestis
1204 1767 1323 1835 bangob.
1343 1783 1402 1836 cap.
1416 1765 1446 1833 l,
1461 1766 1506 1834 qui
1518 1766 1553 1822 ab
1568 1767 1625 1821 istis
1635 1775 1697 1836 post
1709 1766 1759 1820 lla·

122 1850 169 1905 gut
184 1837 234 1892 luit
245 1838 344 1892 obitus.
360 1840 442 1893 sacra
461 1853 554 1893 eorum
574 1851 687 1906 corpora
707 1837 735 1890 iu
748 1838 835 1905 capsis
856 1851 914 1889 ser·
968 1841 1074 1894 renium
1094 1837 1215 1894 llarolliu
1229 1837 1275 1893 alii
1287 1853 1348 1894 esse
1361 1852 1414 1892 uon
1428 1837 1561 1893 sidentur.

126 1920 222 1963 saritur
236 1917 309 1966 retro
324 1907 411 1978 majus
424 1908 508 1964 altare
519 1907 672 1978 principalis
680 1907 796 1995 basilice
806 1905 916 1976 Maioris

637 2017 752 2090 Explicit
764 2019 816 2073 sits
824 2028 848 2073 st
859 2032 927 2071 mors
940 2015 1043 2087 Septen
1059 2014 1255 2071 Dormientium.
1372 2094 1374 2099 Ι
1411 2070 1422 2093 ,

125 2175 1759 2213 w

162 2323 282 2387 {lilim
298 2322 459 2368 saetosus
475 2320 571 2364 Bssffl
588 2317 739 2364 tiutstttt'eu
755 2314 954 2359 TUBGNORUM
977 2314 1214 2358 euentustscort
1228 2312 1378 2376 ΙῌΙΤΑΙ
1407 2297 1417 2317 ⁸
1447 2310 1541 2356 llffl'l
1571 2308 1717 2355 stabulm
1879 2367 1883 2374 ι

720 2414 861 2460 urtecot’t
880 2415 919 2457 ΕΤ
932 2413 1157 2459 conrssssttttls.
1790 2420 1811 2457 t

719 2520 774 2597 (Es
788 2521 961 2594 compluribus
971 2521 1057 2577 cous.
1072 2517 1160 2592 insu).

159 2665 336 2726 samsisstmo
350 2667 451 2719 sancte
465 2655 628 2716 Parisiorum
644 2655 736 2710 nutris
753 2653 880 2711 Ecclesiae
896 2651 1040 2721 presulum
1055 2651 1166 2707 domino
1179 2651 1325 2719 Germano,
1340 2651 1486 2723 Gregorius
1499 2649 1642 2707 'luroaicu
1662 2656 1762 2735 metro·

124 2760 195 2834 polis
207 2759 315 2815 humitis
326 2755 479 2828 episcopus,
493 2755 620 2808 satutem.
636 2750 729 2806 Petisti
743 2764 809 2803 sane
825 2744 953 2802 utillitas
963 2752 990 2799 et
1004 2743 1133 2801 miracula
1149 2760 1209 2816 quse
1224 2744 1352 2798 bunrinus
1370 2758 1418 2813 per
1432 2742 1540 2800 beatum
1557 2743 1707 2799 llaurilium
1721 2748 1763 2795 at-

123 2852 318 2924 questurum
333 2848 536 2903 Andecavorum
551 2844 687 2898 antistites
707 2841 813 2909 operari
828 2838 1028 2908 dignatusest,
1044 2850 1112 2907 quas
1132 2835 1293 2890 Fortunatus
1314 2834 1454 2906 presbyter
1480 2835 1615 2891 luculento
1636 2847 1763 2890 sermons

123 2943 315 3011 descripserat,
338 2939 499 3008 scriptorum
514 2936 587 2992 vitiis
599 2934 655 3003 iarn
679 2947 748 3002 pene
769 2931 939 2999 depravatas,
965 2935 1065 2983 nostre
1088 2925 1256 2981 auctoritatis
1273 2925 1366 2993 peritia
1384 2925 1596 2995 corrigeremus,
1611 2932 1762 2990 uestroque

124 3037 276 3104 Deuotioni,
287 3037 332 3106 qui
347 3035 465 3104 priorum
481 3031 611 3102 exemplis
631 3029 762 3100 proficere
776 3027 884 3096 cupitis,
900 3025 1080 3081 misissemus.
1095 3022 1148 3078 Sed
1163 3034 1213 3076 nos
1225 3020 1387 3085 recolentes,
1403 3019 1426 3075 si
1441 3019 1467 3075 id
1481 3019 1627 3098 egerimus,
1644 3018 1763 3087 pertidu-

124 3146 186 3190 rum
200 3146 249 3186 nos
263 3130 402 3185 latratibus
414 3138 495 3197 atque
509 3126 653 3190 morsibus,
668 3124 714 3192 gui
733 3120 882 3176 doctrinam
904 3131 1026 3188 quaerere
1043 3115 1167 3170 nesciunt
1181 3113 1230 3169 scd
1254 3111 1385 3177 inridere,
1400 3109 1543 3176 dilaniari3
1557 3109 1670 3177 duplicis
1684 3108 1756 3165 tedii

124 3237 243 3280 merore
258 3223 436 3285 concutimur,
451 3217 514 3273 duru
525 3227 553 3272 et
567 3214 663 3270 restris
676 3226 729 3269 non
743 3224 837 3282 parere
849 3208 1026 3278 iussionibus,
1040 3207 1158 3276 ipsisque
1171 3205 1314 3275 displicere
1330 3200 1484 3259 metuimus.
1499 3202 1554 3259 liisi
1569 3212 1658 3259 taum
1669 3202 1764 3258 Ornoi·

125 3316 244 3388 potentis
254 3311 488 3385 promissionibus,
503 3309 549 3378 qui
564 3322 612 3377 per
626 3303 785 3374 prophetam
798 3315 875 3357 suum
899 3299 1011 3368 loquens
1026 3296 1160 3365 innotuit,
1174 3295 1235 3366 quia
1248 3295 1293 3367 qui
1306 3293 1433 3349 remorsus
1451 3293 1478 3347 irs
1493 3291 1616 3360 lacrymis
1630 3268 1763 3347 metentis

125 3410 229 3482 prediis
244 3407 303 3479 (Pa.
318 3419 401 3470 cras,
416 3404 457 3474 li),
469 3411 565 3459 restrae
578 3398 741 3454 satisfaciam
752 3391 890 3451 uoluntati.
905 3390 1012 3447 Scirum
1025 3404 1141 3461 namque
1154 3388 1216 3457 quia
1233 3387 1256 3442 si
1275 3401 1336 3458 quae
1349 3384 1428 3455 digna
1441 3394 1504 3439 suru
1519 3383 1629 3451 imitari,
1644 3392 1672 3438 et
1685 3383 1764 3438 alteri

125 3510 242 3572 possunt
252 3496 352 3554 saeculo
367 3494 507 3566 prodesse,
518 3490 751 3545 sanctissimorum
765 3484 866 3540 Gbristi
877 3481 1062 3538 contessorum
1076 3481 1149 3536 litas
1159 3490 1240 3550 atque
1255 3479 1368 3535 virtutes
1381 3477 1451 3548 stylo
1463 3476 1523 3546 quis
1533 3474 1686 3545 digesserit,
1701 3488 1763 3529 cor·

126 3592 285 3658 rexeritque
297 3588 339 3644 rel
354 3585 466 3650 rustico,
480 3596 507 3639 et
518 3580 569 3638 sibi
584 3578 747 3643 mercedem,
762 3584 790 3630 et
806 3572 904 3628 imitari
919 3570 1071 3627 solentibus
1085 3569 1206 3626 conleret
1218 3569 1339 3638 adusque
1352 3566 1477 3622 salutern.
1488 3565 1670 3620 Permasimas
1683 3558 1764 3643 lgitur

128 3683 383 3758 pretiosissimorum
396 3678 496 3733 Cbristi
508 3674 691 3732 contessorum
707 3668 821 3725 llaurilii
835 3676 917 3734 aupue
929 3663 1019 3719 Albini
1032 3665 1144 3719 virtutes
1154 3678 1207 3718 non
1220 3663 1304 3731 loqui,
1317 3663 1375 3715 sire
1392 3660 1538 3726 corrigere,
1551 3659 1614 3724 quia
1625 3654 1755 3712 irremoria

126 3777 215 3847 dignae
226 3781 299 3840 sunt,
311 3771 412 3827 crimen
423 3767 563 3829 ducentes,
576 3761 692 3832 plebeio,
713 3768 742 3813 ut
754 3755 923 3827 postulastis,
939 3760 1044 3809 utentes
1058 3754 1171 3822 calamo,
1186 3767 1240 3822 quo
1259 3751 1349 3822 potius
1363 3749 1517 3819 vulgaribus
1531 3749 1644 3816 prosint,
1658 3746 1691 3802 de
1705 3747 1765 3817 plu·

127 3866 204 3924 rimis
217 3880 312 3934 pauca,
323 3863 372 3919 sed
383 3865 485 3926 umen,
499 3857 555 3912 beo
570 3863 648 3918 teste,
662 3848 801 3906 serissima
815 3844 992 3915 corrigemus,
1005 3845 1162 3901 omittentes
1177 3842 1290 3912 plurima
1305 3855 1320 3894 a
1334 3841 1482 3898 Fortunato
1494 3837 1578 3902 edita,
1591 3850 1651 3905 que
1665 3833 1763 3891 lbrtae

125 3961 165 4018 sls
176 3957 328 4015 iulldelibus
341 3952 509 4011 incredibilia
524 3948 690 4004 viderentur.
704 3944 770 4013 Quae
785 3956 878 3998 veroa
892 3939 970 3994 nobis
984 3945 1105 3993 correcta
1119 3943 1184 3990 suut
1196 3943 1293 3990 restrae
1310 3930 1502 3988 sanctitudinis
1518 3925 1640 3997 petitioni
1655 3924 1765 3996 dignius

130 4047 269 4109 edocenda
280 4046 442 4119 putarimus,
457 4051 488 4097 us
500 4038 546 4109 qui
557 4036 617 4092 illos
630 4034 729 4091 imitari
740 4031 873 4105 gaudetis,
887 4029 993 4084 illorum
1007 4025 1153 4098 prulleiatis
1166 4024 1309 4081 virtutibus
1320 4020 1467 4076 informati.

684 4182 802 4230 tttctt’tt·
819 4180 891 4226 ΠΤΔ
910 4178 1021 4222 ullGTl
1038 4176 1198 4223 usustbtt.

163 4328 247 4396 igitur
264 4320 398 4379 llaurilius
410 4312 616 4375 Mediolanensis
629 4308 718 4381 oppidi
738 4306 860 4374 indigena
870 4319 918 4360 ex·
931 4309 955 4374 c
966 4312 1059 4378 ,tenete
1071 4302 1147 4357 tribui
1161 4300 1235 4367 solet,
1247 4299 1355 4356 deletur
1364 4298 1418 4354 ltus
1428 4297 1544 4353 slssssls
1555 4309 1565 4350 .·
1576 4291 1693 4391 Explicit
1703 4291 1762 4395 lita

125 4421 194 4482 stitit
208 4413 364 4489 parentibus
384 4407 616 4482 splendidissimis,
632 4413 685 4460 ets.
698 4400 746 4473 (ln
760 4400 853 4456 Codice
865 4396 919 4453 Pe·
965 4397 1044 4479 beati
1058 4396 1148 4452 stetui
1168 4393 1346 4466 compositas
1367 4391 1447 4449 beato
1466 4387 1596 4460 Gregorio
1618 4385 1759 4443 Turotttcn

125 4507 284 4572 ulciacensi,
302 4506 337 4562 de
359 4503 453 4574 Perey,
466 4501 493 4554 in
511 4494 719 4569 burgundium
733 4491 807 4546 earnis
820 4489 921 4544 mette
973 4490 1047 4549 urbis
1059 4485 1209 4562 episeopo.)

122 4599 276 4674 sumpsistis
289 4596 395 4668 seipso,
410 4601 467 4666 pert
482 4589 567 4646 litam
575 4585 660 4643 uncti
673 4585 771 4650 Albim,
784 4595 842 4652 gae
853 4576 922 4636 llor-

162 4730 175 4756 ⁴
190 4729 284 4787 llelius
295 4727 432 4784 diceretur
453 4723 481 4779 iu
502 4722 566 4777 ritas
594 4719 726 4775 terrerum
755 4711 873 4769 llaardii
895 4723 921 4766 st
974 4707 1091 4765 nutrierit
1112 4706 1279 4775 Ruinsrtius,
1292 4702 1405 4762 consule
1429 4701 1613 4776 prentlouem
1624 4714 1699 4756 num.
1715 4696 1761 4762 lib.

125 4793 227 4861 Albinu'
239 4800 294 4855 llas
309 4797 378 4853 ritas
390 4810 451 4867 que
464 4788 668 4849 subterrenas
684 4786 792 4842 nornine
805 4783 868 4864 alibi
880 4795 922 4838 re·
973 4781 1028 4837 eol.
1042 4778 1087 4836 65.
1547 4772 1627 4828 Epir.

124 4874 270 4937 sedentur,
285 4868 310 4925 si
329 4868 400 4925 scire
414 4864 482 4922 selis
495 4877 547 4934 qua
560 4862 594 4916 de
608 4873 689 4915 eausa
712 4858 755 4912 liic
768 4853 923 4912 exscribere

135 4970 1759 5044 &w

125 5130 240 5184 saucrt
257 5125 412 5177 (ιιιιιοιιι
430 5120 569 5168 setscort
582 5112 779 5164 ruaousttsts
798 5105 980 5154 enutrirent
996 5102 1038 5145 ns
1050 5096 1177 5144 saucrrs
1193 5089 1348 5139 usuusno
1363 5089 1405 5136 ιτ
1417 5086 1590 5144 stepanus,
1606 5080 1762 5128 srtseorts

247 5209 249 5215 ’
821 5209 862 5252 ttr
884 5199 1077 5250 retrursus.

623 5338 682 5411 (Es
694 5351 744 5390 nts.
763 5332 856 5389 Codice
874 5326 945 5399 apud
960 5322 1068 5380 Susisst
1080 5321 1122 5375 die
1136 5318 1152 5373 8
1165 5314 1269 5386 lunii.)

165 5465 261 5528 treta,
272 5458 361 5533 magni
376 5465 433 5514 toto
446 5453 513 5510 orbe
526 5449 663 5523 presules,
679 5453 740 5501 ortu
761 5441 881 5512 gemelli,
895 5437 1009 5492 salsitate
1024 5442 1174 5501 usurpares,
1197 5427 1293 5483 sacrati
1309 5422 1399 5527 simul,
1412 5418 1531 5477 coronati
1547 5417 1656 5488 pariter,
1666 5415 1754 5488 lusisti

126 5554 238 5619 wis
250 5552 323 5609 bem
336 5548 434 5606 testum
448 5562 456 5600 r
472 5541 575 5600 eteritis
589 5545 681 5598 sancte
696 5533 823 5592 bledarde
836 5547 896 5587 cum
919 5526 1047 5618 Gildardo
1060 5522 1172 5595 inclyto,
1187 5531 1266 5592 opens
1281 5524 1401 5588 poscenti
1413 5525 1521 5583 semper
1532 5508 1601 5567 leste
1614 5510 1726 5580 populo.
