3794 6128
109 274 165 335 lt't
621 270 801 334 HISTORIA
821 269 1062 333 FRANCORUM.
1081 268 1194 332 LIBER
1213 266 1363 332 PRIMUS.
1391 294 1394 299 ·
1807 252 1861 319 ttt

106 416 169 460 nus
192 400 297 471 iaetus,
315 398 439 458 domum
461 413 545 458 suam
564 397 632 457 lecit
649 397 808 457 ecclesiam.
834 396 905 456 llaec
926 400 996 458 estll
1006 401 1112 467 motus,
1134 396 1224 456 credit
1243 396 1367 467 Glrristo,
1390 392 1557 466 relictisque
1577 384 1711 448 fanaticis
1723 379 1859 444 sordibus

107 504 191 548 nunc
208 489 329 548 ecclesia
357 487 434 561 apud
461 485 606 560 Biturigas
629 486 731 546 urbem
761 486 865 560 prima,
892 486 966 546 miro
1007 503 1040 546 ac
1055 486 1196 560 baptismo
1218 489 1409 554 consecratus,
1433 496 1557 556 magnus
1582 479 1614 537 in
1634 477 1858 547 virtutumopc·

105 593 195 653 opere
218 578 385 653 composita,
407 584 435 636 et
457 577 546 651 primi
574 577 710 651 martvris
735 576 872 651 Stephani
897 577 966 635 reli·
1007 578 1118 637 ratione
1140 579 1255 637 enituit.
1282 577 1340 636 Nec
1363 574 1455 634 multo
1477 580 1541 648 post
1556 586 1607 644 per
1628 565 1811 641 martyrium,
1826 564 1860 622 ut

106 668 188 744 quiis
201 667 346 726 illustrata
359 680 382 726 ⁸.
1006 668 1148 739 diximus,
1166 669 1196 727 in
1213 668 1297 726 terris
1314 666 1423 737 sociati,
1447 663 1482 722 ad
1506 659 1632 721 eoelestia
1650 655 1758 732 pariter
1770 665 1860 727 regnu

149 762 200 820 25
220 756 310 815 XXX.
334 754 484 830 Vigesimo
502 753 624 828 septimo
653 753 724 825 loco,
743 750 913 814 Valerianus
937 761 966 815 et
1006 756 1208 828 migraverunt
1219 764 1242 813 Β.

105 845 263 905 Gallienus
276 846 445 906 Romanum
460 842 618 918 imperium
633 850 701 902 sunt
713 842 818 917 adepti,
834 845 885 919 qui
903 861 966 917 gra·
1042 843 1361 905 >trimitanensibus
1383 848 1480 901 autern
1500 835 1674 899 Alamannis
1690 834 1721 892 in
1737 828 1856 929 Gallias,

107 951 176 994 vem
198 944 299 995 contra
319 935 498 996 Christianos
521 932 750 1008 persecutionem
770 950 822 993 suo
840 942 966 1010 tempore
1006 942 1122 993 sanctus
1151 934 1283 993 Privatus
1308 931 1486 991 Gabalitanae
1509 928 1590 988 urbis
1619 925 1772 999 episcopus
1787 917 1810 990 ⁸,
1824 930 1859 976 ιιι

106 1031 341 1084 commoverunt.
358 1025 442 1084 Tunc
463 1024 586 1083 Romam
602 1021 753 1080 Cornelius
765 1028 787 1092 ⁸,
803 1022 965 1097 Cyprianus
1006 1029 1104 1097 crypta
1117 1021 1333 1080 blernmatensis
1347 1020 1461 1088 montis,
1476 1018 1527 1076 ubi
1535 1014 1657 1090 jejuniis
1666 1007 1858 1106 orationibus

106 1112 316 1188 Carthaginem
325 1113 401 1172 lelici
412 1114 556 1186 sanguine
565 1111 884 1170 illust1·arunr.llorum
897 1121 966 1172 tem·
1009 1126 1065 1185 que
1087 1110 1215 1181 vacabat,
1241 1110 1392 1185 reperitur,
1422 1107 1528 1183 populo
1554 1099 1747 1164 Gredone-nsis
1772 1101 1859 1156 castri

107 1219 180 1278 pore
206 1211 236 1262 et
254 1203 384 1262 Chrocus
410 1202 461 1261 ille
485 1201 716 1260 Alamannorum
738 1216 801 1271 rex,
823 1209 964 1263 commoto
1008 1203 1039 1261 in
1060 1202 1222 1263 munitione
1243 1200 1379 1261 concluso
1393 1202 1410 1260 i.
1430 1199 1487 1259 Sed
1508 1198 1580 1257 dum
1598 1208 1667 1253 oves
1681 1204 1749 1250 suas
1763 1187 1858 1247 bonus

106 1284 252 1362 exercitu,
285 1293 393 1371 Gallias
423 1290 599 1367 pervagavit.
631 1290 686 1349 Hic
713 1297 810 1350 autem
838 1291 964 1352 Glrrocus
1007 1297 1102 1362 pastor
1115 1291 1192 1363 lupis
1204 1290 1315 1348 tradere
1329 1304 1389 1347 non
1411 1285 1564 1355 consentit,
1583 1279 1737 1340 daemoniis
1750 1277 1858 1335 immo·

107 1380 212 1439 multa
230 1382 405 1454 arrogantiae
425 1380 516 1439 iertur
537 1379 647 1438 luisse:
664 1379 715 1454 qui
737 1395 805 1438 cum
822 1381 964 1441 nonnulla
1006 1380 1065 1438 lare
1083 1379 1276 1453 compellitur.
1300 1379 1381 1448 Quod
1398 1392 1537 1451 spurcum
1556 1374 1606 1432 ille
1626 1380 1684 1430 mm
1703 1378 1859 1428 exsecrans

106 1468 212 1542 inique
225 1471 370 1542 gessisset,
389 1486 441 1544 per
454 1470 620 1541 consilium,
638 1477 669 1528 ut
682 1471 774 1542 aiunt,
789 1472 889 1529 matris
904 1472 963 1530 ini·
1005 1483 1093 1541 quam
1110 1467 1250 1538 refutans,
1265 1466 1366 1524 tandiu
1384 1464 1511 1525 luctibus
1523 1461 1654 1530 caeditur,
1668 1455 1859 1554 quoadusque

104 1576 186 1634 quar,
201 1562 362 1634 collectam,
375 1570 407 1621 ut
417 1562 559 1633 diximus,
568 1561 800 1621 Alamannorum
814 1569 930 1636 gentem
942 1575 962 1635 ⁰,
1006 1562 1155 1629 putaretur
1183 1557 1338 1614 exarrimis.
1369 1553 1424 1614 Sed
1448 1571 1484 1613 es
1512 1554 1574 1628 ipsa
1602 1548 1796 1627 quassatione,
1811 1558 1858 1602 au·

103 1648 264 1708 universas
278 1649 387 1710 Gallias
401 1656 585 1724 pervagatur,
602 1657 778 1724 cunctasque
793 1651 881 1723 aedes,
896 1667 963 1726 quas
1005 1647 1149 1720 terpositis
1170 1647 1269 1721 paucis
1280 1648 1392 1716 diebus,
1410 1647 1543 1722 spiritum
1556 1642 1714 1704 exhalavit.
1729 1640 1859 1700 chrocus

101 1736 271 1810 antiquitus
287 1738 434 1798 fabricatas
450 1738 575 1809 lucrant,
592 1755 609 1797 a
626 1740 824 1800 fundamentis
837 1742 993 1824 subscr-B
1005 1751 1073 1793 Vero
1094 1737 1170 1811 allud
1196 1738 1395 1797 Melitensem
1417 1737 1579 1798 Galliarum
1601 1735 1705 1795 urbem
1728 1742 1857 1803 c0¹¹¹P1'V·

102 1826 150 1885 tit.
176 1827 305 1887 Veniens
331 1845 399 1888 vcro
423 1831 581 1902 Arvernos,
597 1830 754 1889 delubrum
779 1831 864 1902 illud,
883 1832 960 1905 quod
1003 1824 1124 1894 heristis,
1155 1824 1278 1884 diversis
1303 1826 1422 1885 allectus
1445 1824 1606 1898 suppliciis,
1633 1822 1730 1896 gladio
1748 1819 1873 1893 'verbes

101 1916 216 1976 Gallica
238 1918 339 1991 lingua
359 1920 449 1980 Vasso
470 1921 484 1957 ι
503 1921 612 1980 Galatae
633 1928 744 1992 vocant,
760 1922 899 1993 incendit,
913 1925 958 1983 di·
1003 1919 1083 1971 fflVlS
1100 1913 1221 1984 interiit·
1242 1928 1299 1972 1¹⁰⁰
1315 1913 1461 1973 immeliw
1478 1929 1580 1988 POEffllS
1597 1928 1670 1987 (luas
1685 1909 1790 1969 ⁸³⁰⁰&
1803 1903 1855 1966 Dei

100 2004 174 2075 ruit,
197 2013 284 2080 atque
305 2008 456 2069 subvertit.
479 2009 552 2068 lliro
574 2008 653 2069 enim
677 2025 763 2083 opere
782 2011 891 2070 iactum
904 2011 960 2071 luit
1003 2002 1150 2075 intulerat,
1165 2003 1260 2062 luens.

99 2100 193 2166 atque
207 2094 367 2168 lirmatum,
389 2098 476 2171 cujus
495 2098 588 2171 paries
610 2098 718 2172 duplex
734 2107 803 2159 erar,
820 2101 865 2159 Ab
879 2101 959 2160 intus
1038 2090 1171 2151 XXXlll.
1187 2093 1248 2152 Sub
1262 2093 1450 2166 Diocletiano,
1472 2095 1523 2169 qui
1539 2092 1683 2152 tricesimo
1697 2089 1782 2148 tortio
1793 2088 1856 2148 looo

99 2182 184 2239 enim
196 2182 234 2241 de
251 2185 365 2244 minuto
380 2186 476 2260 lapide
490 2209 497 2255 ;
512 2204 529 2245 a
544 2189 613 2246 loris
627 2203 695 2248 vero
711 2189 831 2262 quadris
844 2190 961 2264 scalpris
1001 2182 1169 2243 Romanum
1184 2185 1260 2243 rexit
1274 2186 1441 2260 imperium,
1453 2187 1550 2259 gravis
1563 2192 1662 2243 contra
1677 2181 1856 2241 Christianos

100 2271 278 2331 lubricatum
297 2275 362 2334 luit.
385 2275 497 2335 Habuit
517 2277 596 2335 enim
618 2277 711 2351 paries
726 2277 775 2336 illo
791 2279 961 2340 crassitudi-
1001 2289 1052 2347 per
1070 2291 1162 2335 annos
1176 2278 1319 2349 quatuor¹
1338 2275 1498 2349 persecutio
1520 2275 1663 2348 exagitata
1686 2279 1728 2331 est
1744 2287 1750 2326 :
1768 2271 1808 2329 ita
1820 2276 1855 2328 ut

101 2374 174 2417 uem
197 2360 284 2433 pedes
309 2362 435 2434 triginta.
466 2361 643 2423 intrinsecus
668 2378 735 2421 vero
758 2380 900 2424 marmore
927 2381 960 2425 ac
1001 2366 1125 2439 quadam
1141 2366 1204 2424 vice
1220 2365 1327 2439 inipso
1343 2365 1536 2425 sacratissimo
1547 2365 1594 2422 die
1610 2363 1738 2433 Paschae,
1753 2358 1854 2434 magni

101 2448 223 2507 musivo
247 2450 390 2509 variatum
415 2460 476 2510 erat
497 2464 519 2510 ⁸.
539 2452 743 2511 Pavimentum
757 2468 873 2527 quoque
888 2454 959 2513 aedis
1002 2455 1230 2515 Christianorum
1252 2456 1351 2531 populi
1370 2457 1407 2515 ob
1432 2456 1493 2513 veri
1512 2454 1564 2513 Dei
1583 2452 1695 2513 cultum
1710 2449 1854 2510 interlice-

101 2550 251 2595 marmore
265 2544 399 2610 stratum,
413 2538 535 2612 desuper
549 2554 617 2597 vero
634 2538 753 2614 plumbo
769 2547 885 2600 tectum.
1002 2532 1112 2601 rentu'r.
1135 2543 1177 2603 Eo
1197 2551 1334 2618 temporo,
1360 2542 1502 2613 Quirinus
1517 2539 1697 2601 siscienslsk
1719 2535 1855 2596 Ecclesiae

140 2624 245 2684 xxxi.
260 2626 373 2685 susat
393 2628 468 2686 banc
483 2628 585 2687 urbem
597 2628 753 2699 liminius,
767 2629 957 2690 Aetolianus·
1001 2633 1133 2691 sacerdos
1157 2633 1317 2706 gloriosum
1337 2649 1388 2709 pro
1409 2633 1515 2691 tibristi
1539 2631 1658 2690 nomine
1681 2626 1854 2703 martyrium

100 2731 163 2789 que
176 2722 318 2790 martvres
335 2717 531 2793 requiescunt.
556 2717 600 2777 lbi
625 2718 728 2778 [lassus
743 2735 775 2776 ac
790 2718 958 2781 Victorinus
1002 2721 1078 2793 tulit;
1095 2739 1182 2797 quem
1197 2724 1284 2797 ligato
1298 2725 1333 2783 ad
1345 2723 1453 2783 collum
1463 2723 1564 2783 molari
1579 2736 1660 2792 sano,
1672 2719 1704 2778 in
1722 2717 1854 2778 lluminis

102 2808 137 2865 in
152 2807 306 2866 dilectione
327 2808 434 2867 tibristi
458 2809 584 2867 fraterno
606 2809 710 2869 a'liectu
727 2808 837 2882 sociati,
852 2826 903 2884 per
915 2813 958 2870 el·
999 2813 1144 2886 gurgitem
1172 2814 1282 2872 saevitia
1310 2814 1425 2888 impulit
1447 2827 1635 2888 paganorum.
1665 2809 1758 2884 lg'tur
1783 2822 1853 2867 cum

101 2897 250 2957 lusionem
264 2897 377 2957 cruoris
387 2898 506 2973 proprii,
519 2900 661 2959 coelorum
675 2916 762 2975 regna
771 2900 878 2975 pariter
892 2909 959 2961 sunt
999 2903 1149 2962 cecidisset
1174 2904 1204 2962 in
1227 2910 1274 2969 27
1293 2905 1448 2978 gurgitem,
1467 2906 1518 2963 diu
1535 2918 1621 2977 super
1642 2915 1732 2975 aquas
1750 2896 1851 2957 divina

101 2986 210 3060 adepti.
236 2986 310 3045 Nam
336 2988 423 3047 relert
441 2988 608 3064 antiquitas,
632 2988 815 3049 Victorinum
840 3006 959 3051 servum
999 2991 1109 3052 virtuto
1121 2993 1280 3061 terebatur;
1295 3009 1348 3053 uec
1363 2993 1517 3053 sorbebant
1529 3007 1623 3066 aquas,
1640 3004 1728 3065 quem
1737 2985 1853 3061 pondus

104 3075 197 3133 ‘fiisse
209 3084 276 3134 ³¹¹oe
292 3076 361 3136 dicii
375 3076 473 3151 templi
493 3078 661 3137 ὃιῦθιᾶῡῐίθ·
674 3079 728 3149 Qui
743 3079 815 3138 dum
829 3080 957 3155 plerum·
999 3086 1131 3145 criminis
1146 3103 1203 3146 non
1218 3087 1375 3159 premebat.
1387 3088 1468 3158 Quod
1489 3088 1596 3145 iactum
1611 3085 1759 3144 admirans
1775 3079 1851 3142 mul·

100 3181 161 3240 que
185 3166 294 3255 sicum,
318 3183 406 3241 quem
428 3165 659 3228 Claristianoruru
684 3177 796 3242 vocant,
811 3171 846 3229 ad
860 3188 957 3246 perse·
999 3177 1091 3236 titudo
1117 3178 1216 3251 populi
1244 3178 1469 3247 circumstantis,
1484 3177 1617 3250 despecto
1639 3176 1735 3233 lurore
1753 3170 1850 3248 genti·

100 3256 235 3329 quendos
256 3255 436 3317 Christianos
449 3260 520 3330 adit,
535 3258 668 3319 Cassium
683 3262 787 3335 reperit
805 3268 852 3327 26
872 3263 956 3322 dirri-
998 3267 1082 3337 lium,
1113 3268 1149 3325 ad
1177 3267 1361 3326 liberandum
1386 3271 1540 3340 properant
1566 3262 1751 3322 sacerdotem.
1780 3258 1852 3317 llaec

101 3342 233 3403 suanum
259 3367 267 3404 ι
293 3346 378 3419 cujus
405 3346 662 3419 praedicationibus
692 3356 780 3424 atque
808 3350 957 3410 miraculis
998 3355 1048 3415 ille
1063 3363 1195 3428 cernens,
1215 3372 1273 3416 non
1286 3372 1388 3430 passus
1406 3363 1449 3414 est
1468 3371 1498 3414 se
1519 3352 1687 3427 amartyrio
1706 3342 1848 3419 subtrahi,
1879 3342 1884 3349 ’

133 3522 302 3591 ·ttodteque
352 3528 442 3593 major
494 3528 611 3581 eeclesia
671 3528 819 3594 biturigum
863 3534 956 3584 sancto
997 3534 1061 3587 liaul
1087 3548 1118 3589 ae
1139 3538 1318 3601 lstrebundll,
1351 3538 1520 3604 aliorumque
1547 3541 1712 3590 sanctorum.
1742 3529 1789 3597 qul
1818 3527 1848 3580 iu

100 3592 240 3659 Stephano
259 3610 346 3662 sacra,
371 3601 465 3664 paucis
489 3602 517 3653 iu
541 3601 624 3655 Gallia
649 3604 736 3656 sacris
763 3602 883 3656 aediliciis
908 3614 956 3655 ce·
998 3619 1030 3659 aa
1050 3607 1118 3659 urba
1143 3611 1264 3661 coronati
1288 3611 1406 3670 luerunt,
1430 3611 1573 3674 passiones
1589 3621 1605 3659 a
1621 3606 1701 3657 beato
1716 3602 1848 3667 Praeleatu

100 3666 150 3719 drt.
999 3679 1149 3743 descriptas
1182 3680 1267 3734 luisse
1293 3685 1385 3735 narrat
1420 3683 1559 3735 secundos
1582 3679 1705 3744 ejusdem
1729 3670 1849 3739 Proiecit

133 3738 305 3798 btioruellus
324 3750 415 3800 tamen
436 3744 504 3797 obiit
529 3757 601 3797 anno
626 3746 682 3808 ibi,
713 3747 763 3798 sub
785 3747 858 3802 beeil
882 3749 957 3814 prln·
999 3749 1063 3803 litae
1090 3754 1184 3805 auctor
1212 3753 1241 3804 ln
1266 3754 1368 3806 Saeculo
1392 3768 1413 3807 ιι
1445 3753 1626 3806 benedictino.
1656 3749 1692 3800 Ge
1716 3746 1760 3799 his
1782 3745 1847 3797 item

100 3812 203 3875 einata,
226 3817 395 3880 etquidem,
421 3821 451 3870 ut
468 3817 645 3869 verisimilius
668 3821 718 3878 eat,
736 3820 809 3883 apud
831 3820 956 3872 Genium·
999 3820 1145 3885 Gregorius
1175 3824 1236 3876 allls
1264 3826 1291 3876 in
1324 3826 1389 3877 locis
1423 3826 1528 3877 scribit.
1561 3822 1648 3874 Sancti
1680 3818 1785 3870 cassius
1818 3816 1847 3867 et

101 3884 198 3943 cellas,
218 3884 264 3938 ubl
289 3901 351 3943 carm
372 3888 460 3955 gioria
475 3888 668 3941 domuitionem
685 3890 796 3955 uocauit,
814 3895 843 3944 ut
858 3891 957 3955 legitur
999 3891 1151 3946 Victorinus
1177 3896 1356 3959 quiescebant
1378 3897 1404 3948 in
1431 3894 1548 3948 ecclesia
1570 3893 1655 3945 sanctl
1680 3888 1771 3948 cassii,
1785 3898 1847 3952 quas

100 3958 129 4009 ln
159 3960 342 4016 vetustissimo
378 3961 527 4027 ponttuoali
555 3961 730 4015 bucheriano.
776 3965 830 4017 ιιοιι
857 3964 956 4018 desunt
997 3963 1077 4016 hodia
1108 3967 1272 4029 parochialis
1310 3972 1368 4030 est;
1402 3966 1558 4019 lrrtolianus
1581 3977 1646 4016 raro
1675 3963 1703 4013 in
1728 3959 1848 4013 ecclesia

99 4034 194 4083 ιιιιιειι
219 4033 266 4096 qul
285 4046 349 4087 erim
372 4034 462 4089 Roma)
486 4044 598 4098 passum
616 4039 793 4087 assererent:
816 4037 864 4088 sed
880 4036 955 4090 nulla
997 4039 1082 4089 sancti
1111 4039 1185 4097 Galli,
1211 4053 1246 4092 ex
1269 4040 1337 4092 libro
1355 4054 1363 4092 1
1382 4040 1416 4092 de
1432 4034 1697 4092 claromontensibus
1720 4032 1847 4087 ecclesiis

99 4106 143 4155 est
164 4101 239 4155 circa
262 4105 386 4169 martyrii
411 4109 519 4168 tempus
543 4105 703 4167 opinionum
727 4105 881 4159 diversitas.
900 4108 953 4173 Gy·
995 4122 1011 4161 a
1034 4111 1171 4164 savarone
1195 4113 1302 4175 vulgato
1324 4125 1384 4175 aar).
1410 4112 1425 4162 9
1447 4116 1473 4163 et
1495 4111 1519 4161 8.
1541 4109 1669 4161 liminius
1691 4109 1781 4159 autem
1808 4115 1845 4158 ex

99 4174 215 4237 arianas
255 4187 320 4228 vero
357 4188 427 4230 anuo
457 4175 504 4226 258
540 4187 625 4240 prope
654 4174 840 4238 carthaginem
866 4178 954 4243 capite
995 4180 1125 4244 Gregorio
1152 4185 1210 4246 ipso
1237 4184 1284 4237 lib.
1311 4186 1344 4236 de
1372 4183 1460 4236 Gloria
1482 4181 1613 4242 donicus,
1634 4191 1694 4241 cap.
1727 4178 1767 4239 36,
1784 4188 1845 4231 ser·

99 4245 203 4312 plexus
217 4249 268 4308 est,
284 4248 424 4301 Valeriano
439 4253 466 4301 et
480 4247 600 4301 Gallieno
619 4248 836 4315 imperatoribus.
995 4254 1108 4305 sabatur
1125 4256 1151 4306 in
1163 4255 1278 4307 ecclesia
1290 4257 1378 4307 sarrcti
1393 4254 1551 4308 lenerandi.

132 4318 219 4371 ‘lieo
248 4323 276 4371 et
295 4319 401 4383 Regu„
424 4320 574 4373 collecto...
600 4324 692 4384 paratu
720 4332 781 4383 quas
802 4319 882 4374 lectlo
903 4322 953 4373 etsi
1026 4327 1119 4390 illus
1149 4328 1248 4382 testum
1284 4332 1327 4382 die
1362 4331 1389 4383 ar
1430 4328 1545 4393 Augusti
1584 4324 1724 4377 recolitur.
1761 4319 1844 4375 sedes

99 4392 209 4451 melior,
238 4404 292 4444 non
329 4396 419 4446 tamen
441 4394 585 4448 sincerior.
610 4393 755 4457 Gregorius
786 4393 895 4458 quippo,
920 4392 1118 4470 utDepiscopi
1140 4402 1295 4466 Gabalitani,
1320 4415 1380 4466 qnae
1406 4404 1472 4454 olim
1497 4400 1566 4465 apud
1590 4398 1751 4447 Andaniam
1776 4396 1844 4456 erat,

100 4464 163 4531 ipse
173 4465 283 4528 latetur,
297 4468 398 4531 saepius
412 4469 557 4521 accusandi
568 4479 660 4520 casum
668 4480 717 4532 pro
727 4465 842 4519 ablativo
854 4468 953 4531 posuit.
969 4504 974 4515 .
995 4471 1128 4524 bimatum
1155 4476 1286 4527 translaa
1308 4478 1381 4527 cirea
1398 4477 1526 4527 saeculurn
1545 4471 1688 4528 decimum,
1710 4467 1745 4517 ibi
1762 4466 1844 4519 etiam

99 4536 177 4596 οισι
209 4537 295 4591 semel
329 4540 468 4592 monuisse
495 4541 619 4594 sufficiat.
649 4540 742 4594 chroci
776 4540 954 4604 irruptionem
993 4554 1067 4595 uuna
1081 4550 1246 4608 perseverat.

99 4608 148 4663 abt
165 4612 261 4664 saecull
277 4611 363 4679 quinti
375 4613 450 4665 luitlo
467 4616 642 4678 consignant.
1024 4623 1030 4643 ¹
1048 4617 1101 4668 Sic.
1136 4620 1196 4671 cod.
1222 4620 1329 4683 Regm.;
1350 4619 1394 4670 alii
1419 4627 1481 4667 cum
1509 4612 1597 4676 editis,
1623 4611 1715 4677 populi
1741 4608 1843 4665 Gredo-

131 4684 223 4739 ‘God
264 4686 367 4750 nega,
402 4689 478 4740 Vasa.
508 4688 563 4739 lloc
599 4687 709 4741 nomine
737 4690 848 4743 llartem
873 4687 954 4741 deum
994 4688 1083 4738 nensis
1099 4691 1185 4742 mari
1208 4691 1359 4743 masnitiona
1383 4687 1530 4741 comesos.
1556 4685 1642 4738 Gredo
1657 4690 1747 4737 autem
1764 4690 1845 4751 puta·

98 4758 267 4823 abantiquis
280 4757 543 4823 Galllsdeslgnatum
560 4758 646 4812 luisse
661 4762 764 4814 solunt.
995 4763 1039 4809 tur
1067 4772 1127 4811 esse
1154 4775 1230 4815 arcus
1253 4764 1286 4814 ad
1309 4763 1414 4814 radices
1438 4759 1537 4811 montis
1559 4763 1636 4818 satus,
1655 4756 1736 4821 vulgo
1756 4756 1846 4810 dictus

131 4832 223 4890 ‘Qun
257 4836 411 4896 sequuntur
437 4833 472 4883 ad
509 4844 584 4887 num.
616 4845 675 4898 seq.
705 4831 802 4888 desunt
837 4838 864 4889 ln
892 4837 953 4891 eod,
996 4827 1088 4883 dress.
1116 4833 1159 4885 ilat
1188 4839 1278 4887 tamen
1308 4837 1334 4887 in
1364 4833 1469 4887 Gabalrs
1499 4830 1704 4884 vicecomitatns
1741 4830 1844 4882 credo-

99 4904 195 4969 neam.
227 4904 282 4957 iloc
312 4906 403 4969 ipsum
425 4904 572 4975 'templum
602 4905 733 4957 Percurio
766 4913 954 4962 consecratum
995 4905 1099 4967 nensis,
1122 4910 1149 4959 et
1170 4907 1230 4961 cod.
1254 4908 1345 4971 uegm.
1372 4921 1433 4960 cum
1453 4905 1516 4958 edri.
1545 4904 1660 4957 Badiana
1683 4899 1845 4955 babetdrs·

97 4978 187 5031 luisse
213 4976 324 5043 conjicit
348 4976 492 5036 ilteaerra,
514 4976 587 5042 quod
608 4976 708 5029 Plinius
734 4977 780 5030 ιιι).
802 4992 840 5040 ιιι,
859 4993 919 5045 cap.
940 4983 955 5033 7
994 4974 1131 5030 deceruit.

95 5051 212 5111 meabat,
236 5062 287 5101 sna
317 5052 395 5101 atate
424 5048 496 5111 apud
530 5053 669 5101 Arvernos
696 5049 796 5103 tactum
827 5053 954 5106 luisses
1024 5051 1124 5102 idulio
1164 5056 1243 5115 pacto
1284 5050 1444 5105 diocletiani
1484 5046 1639 5114 persecutio
1684 5044 1719 5097 ad
1757 5057 1845 5099 annos

95 5124 240 5177 zenodoro
276 5120 374 5183 ingens
407 5118 531 5172 bercarii
564 5121 748 5174 almuldarum.
792 5122 854 5177 llaec
891 5127 956 5178 sunt
995 5126 1111 5185 quatuor
1135 5129 1257 5179 revocari
1283 5131 1378 5193 potest.
1399 5125 1433 5175 be
1453 5124 1503 5176 bac
1520 5134 1550 5175 re
1572 5122 1632 5171 side
1660 5117 1845 5184 pretationem

97 5194 186 5247 verba
204 5192 296 5245 Plinll:
321 5191 413 5243 Veram
435 5205 543 5244 omnem
559 5192 772 5257 amptitudinem
793 5199 953 5250 statuorum
996 5201 1115 5248 nostram
1126 5198 1154 5249 lu
1164 5200 1227 5250 leta
1240 5204 1390 5264 martyrum
1405 5197 1520 5248 sincera.

94 5272 159 5333 ejus
178 5265 284 5333 perraris
302 5263 377 5324 uicit,
402 5267 480 5317 etate
503 5266 608 5325 nostro,
631 5264 796 5326 laetodorus,
826 5271 955 5324 llercurio
1026 5267 1095 5320 'Sic
1119 5273 1192 5322 recte
1216 5273 1295 5323 coil.
1327 5270 1395 5329 bec..
1424 5269 1484 5329 ltcg.
1515 5268 1541 5318 et
1566 5266 1658 5327 ltegm.
1679 5263 1744 5317 uuirt
1765 5275 1846 5317 men·

95 5344 182 5409 [ceto.
197 5340 228 5391 in
243 5339 356 5392 ciuitate
380 5332 471 5391 Gallia
487 5337 625 5402 Aruernis,
643 5351 692 5403 per
710 5351 796 5392 annos
812 5339 903 5394 decem
917 5343 955 5396 lis
997 5341 1072 5395 dose,
1098 5338 1246 5392 Sistr'ensis.
1274 5342 1358 5393 Siscia
1387 5340 1498 5403 quippe
1513 5336 1580 5388 urbs
1601 5339 1659 5388 erat
1683 5335 1848 5401 episcopalis

94 5430 164 5471 caue
179 5414 375 5479 manupretio.
999 5415 1025 5466 in
1053 5414 1193 5467 Pannonia
1221 5417 1366 5480 superiori,
1392 5413 1439 5465 ubi
1465 5422 1563 5474 passus
1592 5414 1632 5464 est
1657 5411 1791 5475 Quirinus,
1812 5413 1847 5464 do

131 5490 214 5542 tuoe
243 5491 324 5553 caput
354 5500 419 5541 cum
455 5491 572 5555 quatuor
604 5487 783 5553 sequentibus
818 5487 897 5541 deest
929 5490 958 5542 ln
998 5499 1052 5552 quo
1086 5487 1248 5541 Prudentius
1281 5488 1381 5552 hymno
1410 5485 1433 5546 ι,
1470 5484 1504 5537 da
1530 5484 1650 5538 coronis.
1686 5486 1748 5551 ilua
1778 5486 1847 5537 Acta

92 5565 177 5621 Corb.
194 5563 297 5615 codice.
997 5561 1058 5613 ride
1081 5560 1151 5612 inter
1188 5563 1294 5615 sincera
1326 5561 1486 5624 martyrum,
1513 5569 1575 5624 pag.
1599 5557 1653 5621 552,
1679 5559 1713 5611 ad
1744 5568 1847 5611 aunum

129 5637 263 5689 aflorum
301 5638 454 5701 martyrum
501 5634 570 5687 testa
611 5634 724 5699 antiqua
763 5631 957 5697 martyrologia
997 5633 1052 5687 ³09.
1250 5650 1255 5657 ·
1866 5637 1873 5649 ·

93 5712 325 5771 commemorant.
369 5711 527 5765 sauctorum
566 5707 661 5769 Cassii,
700 5706 837 5768 lictoriul,
874 5708 957 5759 tato-
