3794 6128
147 345 220 409 sora
734 312 777 393 ι*
843 339 934 400 rire
953 340 1106 402 oureus.
1654 293 1658 301 ’
1723 342 1792 400 rnre

146 457 282 525 manibus,
304 452 478 526 reintegratis
488 453 612 521 artabus,
627 452 792 515 troiusborat
810 466 946 509 ommenm
961 456 983 517 Λ
998 455 1183 522 eimaeoessi,
1194 453 1244 512 sod
1256 455 1323 511 nilsii
1338 456 1420 513 abeo
1432 455 1617 514 collocutionis
1631 455 1735 520 diotre
1746 473 1792 527 po·

147 564 293 622 unumque
313 547 431 605 reddidit
447 546 602 604 absolutum
616 565 623 614 ;
636 545 946 619 gemioaxitouedeinde
998 546 1050 610 sui,
1064 554 1124 601 erat
1147 547 1223 609 eisin
1244 546 1322 608 xalde
1345 547 1486 605 deiectos:
1501 545 1610 613 debinc,
1635 547 1793 618 interposito

147 645 264 720 geuninae
278 643 387 700 virtutis
400 641 573 699 beneficiam.
591 641 733 697 Pnereuut
753 640 841 710 puelia
854 653 946 697 rorant
997 638 1073 707 otiati
1087 636 1363 708 utdmborespatio,
1375 638 1500 706 spiritum
1513 635 1661 695 exltelarit.
1673 635 1794 708 Congre-

145 755 179 798 ιι
203 740 350 796 contractis
365 736 487 793 manibus
512 734 667 801 astiterunt,
690 744 750 790 erat
771 742 861 788 mrtem
884 743 947 789 tune
997 740 1111 801 gulaque
1125 730 1213 787 estad
1226 730 1284 800 eius
1305 729 1448 801 exsequias
1462 729 1605 786 mollitudo
1624 729 1670 784 iila
1688 729 1792 801 1227

146 807 265 887 medium
280 827 416 898 pasebaiis
429 826 529 883 festum
543 824 741 892 solemnitatis;
763 838 879 895 summm
897 840 946 893 pro
997 822 1292 895 redemptoremque
1306 838 1387 892 supra
1401 822 1531 888 diximus,
1545 821 1581 878 ab
1593 836 1627 878 eo
1644 821 1685 876 tel
1698 836 1713 876 a
1726 821 1790 890 ingo

145 937 204 978 sne
230 918 391 977 directionis
408 917 512 974 medela
528 917 578 973 liei
592 915 695 972 lamnia
707 916 902 986 supplicarent.
918 923 946 972 et
997 915 1145 981 servitutis,
1159 914 1200 970 sei
1217 929 1231 967 a
1245 915 1361 972 dirersis
1375 914 1475 970 debitis
1495 913 1647 980 absolutos,
1668 926 1736 981 nuos
1750 911 1791 967 rel

144 1014 190 1071 iile
206 1028 254 1082 pro
270 1025 301 1068 ea
324 1025 384 1081 oute
398 1009 432 1066 ad
448 1009 596 1066 ecelesiam
609 1018 772 1064 conrenerat
785 1007 876 1078 popuii
891 1004 946 1064 ire·
996 1004 1166 1072 alebateibo,
1183 1006 1225 1063 sei
1239 1007 1338 1062 uestitu
1354 1006 1470 1076 tegebat.
1487 1005 1654 1077 Plangebaot
1668 1004 1740 1060 enim
1752 1003 1792 1058 di·

145 1108 256 1178 quentia
272 1104 330 1160 bac
341 1102 444 1175 agenda
456 1101 587 1164 diiierret,
599 1101 738 1171 indignum
750 1115 779 1156 se
791 1101 946 1168 clamitans,
997 1105 1109 1154 scoies:
1122 1096 1172 1152 cni
1188 1112 1251 1164 not,
1268 1097 1347 1155 Patet
1361 1107 1468 1164 sancte,
1483 1097 1635 1167 reiinguisi
1647 1095 1711 1153 i’ost
1735 1096 1793 1152 bees

145 1211 290 1268 perquem
305 1195 376 1250 bens
399 1193 515 1249 intirmis
537 1191 661 1262 praebere
673 1191 806 1249 benedicis
820 1190 947 1260 dignare·
995 1190 1142 1261 sepulturae
1163 1191 1280 1257 locatas,
1294 1191 1393 1260 sapius
1420 1205 1451 1247 so
1475 1188 1626 1247 manifestis
1648 1189 1793 1246 virtutibus

143 1297 198 1354 tur,
214 1277 429 1361 supplicantibus
440 1285 556 1350 eunetis,
567 1299 662 1341 manus
681 1299 775 1342 eornm
789 1283 945 1341 snissnsoe·
997 1279 1156 1338 declararit.
1173 1281 1239 1337 Nam
1254 1281 1394 1353 trigesimo
1405 1283 1441 1343 sb
1453 1282 1515 1354 ejus
1527 1282 1602 1340 obitu
1613 1282 1668 1348 die,
1681 1296 1741 1338 etms
1756 1281 1790 1337 ad

145 1384 224 1454 pitin
241 1380 377 1444 manibus,
399 1378 498 1448 onibus
520 1377 686 1442 attrectatis,
705 1377 816 1435 directis
840 1377 945 1447 digitis,
996 1370 1055 1443 eins
1070 1374 1200 1429 tumulum
1227 1376 1311 1431 missa
1334 1375 1530 1440 celebraretur,
1545 1372 1789 1448 Cbairiuiinsiilri„

144 1488 231 1535 utros
244 1473 392 1529 abscedere
412 1471 499 1542 jubet.
516 1469 561 1528 Sic
574 1479 604 1526 et
618 1471 728 1538 berlais,
741 1472 793 1527 isne
802 1471 873 1526 enirn
887 1479 945 1526 crat
995 1467 1172 1541 caidulphus]
1185 1469 1296 1539 qtridarn
1305 1479 1458 1540 contractas
1473 1469 1537 1525 dum
1552 1469 1650 1539 stipem
1663 1469 1791 1539 ριιιιιιιι,

145 1584 246 1626 nornen
259 1566 392 1632 mulieris,
409 1566 503 1622 oculus
514 1564 638 1622 deterens
656 1565 772 1630 elatrsos,
788 1574 860 1619 tuctu
872 1564 945 1618 sain·
996 1561 1029 1615 ad
1045 1560 1105 1631 ejus
1117 1562 1283 1631 sepulturam
1296 1562 1400 1618 aceedit
1415 1581 1421 1616 :
1438 1562 1483 1633 gni
1498 1562 1562 1616 dnm
1575 1562 1672 1630 pallam
1695 1575 1791 1627 supter·

145 1663 211 1721 teris
222 1662 326 1716 dextre
341 1659 496 1722 maledicta,
513 1659 664 1714 illuminata
679 1658 813 1713 discessit.
830 1657 883 1714 Sed
894 1671 946 1713 nee
996 1650 1111 1722 petitam
1139 1652 1240 1708 osculis
1264 1663 1418 1720 teneratur,
1445 1653 1584 1710 dissidatis
1608 1653 1790 1709 rnenrbrnrnm

145 1755 210 1812 iliud
224 1755 312 1812 meoli
328 1767 404 1825 puto,
420 1753 491 1823 nond
510 1753 611 1822 seprius
624 1751 684 1822 eius
696 1753 784 1808 oratio
801 1751 874 1806 uirus
885 1765 943 1806 ser·
996 1744 1119 1814 ligaturis
1136 1744 1256 1802 directus
1270 1754 1322 1802 est.
1338 1745 1392 1802 Sed
1415 1753 1444 1802 et
1468 1744 1552 1800 mnlra
1574 1745 1624 1801 alia
1652 1743 1688 1799 ibi
1715 1753 1790 1813 gesta

145 1848 266 1916 pentirrm
282 1845 421 1901 exinanire
432 1844 559 1900 obtinuit.
586 1843 641 1898 iluo
658 1843 731 1900 enirn
745 1842 838 1897 tumidi
851 1854 941 1895 rnorsn
958 1830 980 1892 li
995 1835 1127 1903 comperi,
1144 1837 1177 1891 de
1191 1835 1289 1907 pinibus
1312 1837 1371 1893 baec
1395 1845 1498 1892 tantum
1521 1836 1657 1892 mernorire
1669 1833 1791 1892 debenda

145 1937 225 2010 bpdri
240 1936 301 2008 ejus
314 1937 429 2007 pedibus
444 1947 527 2006 prosi
538 1945 660 1996 rnunlnr,
675 1935 853 2004 deprecantes
865 1941 894 1997 at
907 1934 943 1986 vi·
994 1927 1130 1983 matrdad.
1432 1999 1438 2011 Ι

146 2043 194 2087 ιιι
206 2029 277 2097 quod
293 2027 362 2083 dens
376 2027 455 2083 maias
477 2026 571 2081 bestia·
584 2027 695 2081 artubus
718 2023 883 2079 nitoribnnds
898 2023 941 2078 in·
1284 1997 1399 2057 CAPUT
1418 1999 1489 2103 m·

144 2119 221 2191 iecit.
237 2132 284 2173 sua
300 2118 400 2173 virtute
413 2117 570 2172 discuteret.
593 2121 628 2171 dt
645 2116 688 2171 iiie
708 2116 858 2170 irationem
874 2111 943 2170 ludit
1187 2091 1227 2146 θ’
1239 2101 1329 2147 ⁸⁰³⁶¹⁰
1351 2090 1476 2146 imm
1490 2091 1596 2169 mm.

144 2209 179 2268 ad
194 2211 347 2276 iiontinurn,
367 2209 597 2281 medicans:
613 2207 724 2264 bortrine
738 2207 802 2262 lesu
822 2205 943 2277 Christe,
1034 2206 1189 2266 Solitariam
1199 2214 1280 2278 atqne
1294 2206 1432 2278 multiplex
1452 2205 1554 2262 donum
1568 2201 1691 2260 ecelesiis
1708 2214 1792 2271 pnptt·

144 2303 192 2373 qui
207 2303 234 2358 in
251 2303 383 2372 principio
397 2311 494 2356 enxrcta
517 2299 621 2355 mundi·
634 2300 767 2356 clementa
790 2298 900 2363 creasti,
915 2309 945 2355 ιι
997 2304 1085 2375 iisque
1106 2302 1250 2373 terrigenis
1269 2300 1416 2360 ctitlestisb
1441 2301 1560 2371 potentia
1584 2310 1704 2370 prestat,
1731 2315 1792 2355 earn

144 2403 301 2463 serpentem
316 2393 390 2448 ilium
405 2393 531 2448 lxunranis
551 2391 725 2464 dignitatibus
743 2391 869 2447 amnium
892 2391 944 2448 snb
994 2397 1106 2471 largitur
1115 2397 1218 2468 jugiter
1231 2397 1331 2452 amulo
1345 2411 1398 2450 noo
1413 2395 1494 2450 modo
1510 2404 1681 2459 pecestnrnm
1695 2390 1792 2446 nnius..

145 2485 292 2543 marledieto
307 2481 716 2556 essesanxistiiden.tn,li)‚tn
731 2483 838 2552 depelle
852 2483 887 2538 ab
902 2483 945 2545 iris
995 2500 1114 2559 gatorcs,
1131 2503 1221 2541 rernm
1243 2487 1326 2542 etiam
1342 2486 1406 2541 rite
1429 2485 1555 2542 drictores
1579 2483 1793 2553 n‘teroa13gntnd

147 2578 259 2634 iamuiis
285 2577 337 2633 tois
362 2578 457 2632 rencni
474 2576 553 2647 bugns
566 2579 676 2641 matum,
692 2585 722 2633 ut
736 2589 788 2632 non
802 2576 897 2648 anguis
911 2576 945 2632 de
996 2581 1105 2637 unicum
1124 2583 1256 2644 cernitur,
1271 2580 1334 2634 dnm
1356 2593 1371 2634 a
1392 2578 1534 2649 maiestate
1554 2577 1645 2632 divina
1671 2576 1794 2631 tribuitur

146 2668 200 2735 bis,
214 2670 262 2726 scd
276 2669 303 2724 iti
318 2668 352 2723 de
366 2682 453 2738 angus
463 2667 570 2723 valeant
581 2666 759 2738 triumphare.
780 2666 843 2723 ilaec
855 2675 945 2723 autern
997 2672 1159 2743 multipler;
1192 2672 1257 2743 grtia
1279 2672 1386 2728 eunctis
1410 2670 1456 2742 qui
1489 2679 1616 2740 expetere
1641 2668 1794 2734 soluerint,

145 2774 208 2818 enm
231 2760 353 2823 dixisset,
381 2759 497 2829 palpavit
523 2773 630 2814 omnem
646 2772 801 2829 ennipaaem
824 2758 946 2826 eorporis
997 2765 1142 2823 aidneoter
1155 2765 1320 2836 indulgetur,
1331 2764 1407 2834 juxta
1422 2763 1487 2819 iiind
1503 2781 1511 2820 :
1531 2763 1614 2818 Petite
1626 2772 1651 2817 et
1664 2763 1794 2831 accipietis

145 2865 253 2915 eorum,
265 2851 412 2922 statimque
426 2864 582 2918 compresso
598 2860 712 2910 turttore.
732 2848 806 2904 sirus
821 2848 945 2905 mortile·
997 2856 1090 2929 (loen,
1105 2871 1162 2923 xm,
1177 2853 1237 2927 ιι),
1263 2862 1293 2912 et
1316 2855 1429 2923 reliqna.
1446 2855 1523 2912 Unde
1546 2854 1686 2921 vigilanter
1708 2855 1793 2912 inees-

146 2957 207 3001 tttot
224 2942 338 2999 nocendi
354 2943 472 3013 perdidit
486 2943 568 2999 virts·
585 2943 648 2998 Dies
667 2941 811 2998 dotnioieae
827 2957 945 2998 resilitu-
997 2960 1141 3020 santerqne
1154 2948 1235 3005 debet
1246 2948 1409 3017 investigare
1419 2963 1495 3004 rxrerrs
1509 2947 1623 3003 burmann
1634 2946 1793 3004 &notorum

145 3035 242 3107 cilonis
256 3037 415 3101 advenerat,
426 3045 453 3091 ot
464 3037 545 3091 bomo
557 3036 664 3104 quidam
680 3034 743 3091 durn
757 3035 791 3091 ad
804 3036 945 3091 ecelesiam
998 3042 1094 3108 ritam,
1109 3049 1139 3096 ut
1151 3040 1204 3097 boe
1216 3050 1359 3111 provocata
1371 3041 1471 3104 studio,
1487 3055 1601 3097 accensa
1614 3041 1748 3111 exemplo,
1760 3041 1794 3096 sd

145 3137 280 3200 pergeret,
301 3128 367 3183 sidit
382 3142 510 3198 pecorum
526 3127 723 3182 innititndinexo
736 3143 812 3182 suam
823 3139 944 3198 segetem
997 3148 1030 3190 ea
1044 3146 1153 3202 semper
1167 3130 1330 3188 extendatur
1343 3145 1403 3202 gntae
1414 3131 1470 3187 lieo
1486 3133 1560 3188 noxit
1573 3146 1635 3188 esse
1648 3131 1793 3203 acceptabi

145 3219 346 3289 depascentem,
366 3220 559 3290 ingemuitque,
585 3231 614 3276 et
638 3221 676 3274 nit
691 3237 699 3275 t
715 3220 762 3276 ile
786 3221 862 3285 initi,
879 3222 943 3291 piria
959 3193 983 3256 C
999 3223 1046 3291 iia,
1061 3233 1091 3279 at
1111 3224 1147 3278 ab
1168 3223 1227 3293 ipso
1242 3223 1284 3279 rel
1301 3233 1436 3280 mercatur
1450 3225 1525 3290 erni,
1541 3224 1582 3280 xel
1597 3225 1682 3295 possit
1695 3225 1793 3282 audiri

144 3311 270 3368 spitualis
283 3313 335 3367 nni
346 3313 446 3369 laboris
458 3328 541 3383 opera
559 3314 594 3367 ita
607 3311 722 3381 deperit,
735 3320 765 3367 ut
779 3312 848 3369 niitii
865 3328 945 3382 pror·
999 3317 1062 3373 lice
1075 3324 1165 3372 autent
1180 3315 1214 3370 ab
1228 3313 1287 3386 ejus
1302 3314 1444 3385 xrrnjestate
1463 3305 1618 3384 quaerebant
1631 3315 1717 3371 sancti
1732 3330 1794 3383 per·

145 3420 236 3462 auses
252 3421 284 3462 ea
299 3416 447 3461 rernaneat.
471 3405 507 3460 to
532 3414 642 3472 :recepta
667 3418 778 3470 secure,
800 3406 946 3473 amputatis
998 3407 1099 3476 cipere,
1122 3415 1263 3474 poscettics
1282 3406 1383 3475 jugiter
1397 3414 1426 3460 nt
1447 3405 1504 3475 ipse
1531 3405 1679 3461 insimularet
1703 3405 1794 3473 cordi,

146 3498 242 3566 rantis,
268 3497 369 3552 aditum
393 3496 466 3568 sepis
487 3496 613 3553 claudere
627 3497 730 3567 erepit:
745 3495 946 3565 conlestimque
998 3498 1056 3567 ipse
1071 3496 1211 3567 perliceret
1225 3498 1356 3566 inopere,
1381 3497 1440 3568 ipse
1453 3498 1608 3567 innueretur
1622 3498 1723 3564 inore;
1739 3513 1794 3568 quo

146 3599 286 3647 cointracta
316 3604 412 3644 marrus
441 3590 525 3642 inrita
552 3587 670 3653 retinuit,
698 3587 768 3656 quod
795 3588 946 3643 voluntarie
999 3589 1106 3646 lucilius
1129 3597 1335 3659 purgatamens
1354 3590 1660 3660 cogitationeeioqnln,
1677 3588 1794 3658 actione,

146 3679 362 3749 eximprrbendil,
378 3679 475 3735 iioiore
490 3678 569 3734 etiarn
597 3679 742 3748 instigante
764 3679 798 3732 ad
823 3687 946 3734 ιιιιιιιιιι
998 3684 1130 3756 cogitaret
1150 3693 1253 3749 meets,
1268 3683 1424 3755 loqueretur
1442 3682 1525 3752 joses,
1540 3692 1701 3753 speraretur
1713 3680 1794 3737 botae·

146 3774 339 3831 cornices-oren
361 3783 477 3829 tntoestus
490 3774 618 3837 accesit,
631 3772 743 3827 trainens
766 3780 827 3840 post
850 3785 881 3826 se
904 3786 946 3826 ra·
999 3785 1053 3834 sta.
1073 3772 1262 3833 [indelectatus
1274 3783 1361 3831 estut
1383 3774 1446 3830 duna
1470 3774 1497 3831 in
1519 3774 1561 3831 bis
1582 3789 1643 3844 qnae
1659 3773 1795 3830 ilisiniati

145 3881 220 3922 tunm
233 3881 314 3936 quern
336 3879 417 3920 orario
432 3864 644 3931 constrinxerat,
659 3863 837 3932 narravitque
853 3863 946 3917 omnia
999 3875 1063 3925 enni
1088 3867 1186 3938 piacita
1213 3864 1423 3935 ianruiabantur,
1448 3867 1602 3923 obtinerent
1621 3867 1673 3924 sibi
1694 3866 1795 3922 remitti

145 3959 216 4014 bidui
231 3969 305 4028 tedia
320 3967 411 4013 etalii.
426 3956 502 4013 Tiiiid
514 3956 559 4013 iiie
573 3956 635 4013 dieo
648 3954 837 4012 iidliedidiiottd
847 3954 947 4010 saboli-
1000 3960 1103 4033 poetali
1116 3961 1247 4026 debitam,
1260 3970 1420 4016 cruerentur
1430 3976 1446 4015 a
1456 3961 1528 4017 eoeni
1551 3959 1688 4018 sordentig
1701 3968 1795 4015 conu-

146 4050 229 4107 iicato
241 4065 351 4106 monum
375 4063 458 4104 itidtiil
473 4061 637 4118 perungens,
650 4046 788 4102 absuacto
800 4059 886 4111 temti,
900 4059 946 4100 dt·
1000 4053 1057 4125 gio,
1072 4052 1186 4110 colostra,
1195 4065 1244 4121 pro
1256 4050 1360 4108 meritis
1371 4052 1549 4108 invitarentur
1559 4051 1592 4107 ad
1607 4065 1730 4122 ιψιιιιι,
1745 4050 1796 4108 Po·

146 4143 224 4201 nitati
239 4141 364 4199 restituit.
382 4141 436 4197 Sed
447 4151 475 4196 et
485 4139 612 4208 deinceps
626 4138 724 4195 multos
743 4153 760 4194 a
779 4137 946 4208 serpentium
998 4143 1100 4200 sebam
1114 4144 1222 4216 1220
1239 4145 1320 4199 etism
1336 4151 1364 4199 et
1378 4157 1572 4214 praecessorum
1595 4143 1795 4214 exemplunm

147 4251 252 4301 morsu,
268 4245 295 4293 et
318 4251 333 4290 a
357 4235 461 4306 pusulae
474 4233 597 4305 maligna
613 4246 729 4299 terreae,
751 4231 832 4301 signo
856 4229 946 4288 erneis
997 4233 1092 4290 oculos
1105 4247 1181 4292 snos.
1197 4243 1226 4290 st
1245 4233 1458 4305 omnipotentem
1482 4234 1623 4290 onminnra
1638 4248 1687 4305 pro
1700 4247 1794 4294 eoru·

147 4327 240 4385 locato
259 4325 388 4395 desuper,
404 4325 521 4382 reddidit
540 4324 676 4394 sospitati.
690 4321 837 4379 Nonnullae
855 4329 945 4378 summ
998 4322 1140 4383 adectibtts
1153 4324 1351 4391 collaudabant,
1374 4339 1504 4396 quorum,
1518 4333 1549 4382 ut
1562 4325 1691 4393 diximus,
1703 4340 1794 4383 ssent·

147 4422 275 4479 obsessos
288 4429 303 4460 ⁸
316 4421 447 4476 demonis
459 4419 524 4475 satri
537 4418 632 4486 iirore,
648 4427 678 4473 at
690 4430 787 4473 manus
806 4416 946 4486 imposuit,
996 4414 1044 4485 pla
1057 4414 1133 4486 sequi
1160 4414 1369 4473 meditabantur.
1395 4415 1470 4473 llnde
1490 4425 1520 4474 ιι
1542 4431 1592 4474 nos
1605 4417 1633 4473 in
1658 4417 1794 4487 preconio

147 4513 285 4584 externplo
296 4513 393 4583 iugatis
406 4511 574 4568 demonibus
591 4520 710 4566 mentera
731 4509 842 4580 energia
854 4507 946 4564 tnrba-
997 4505 1086 4565 dexoti
1111 4509 1167 4564 ileo
1191 4507 1281 4566 famuli
1308 4508 1429 4566 venantii
1452 4508 1557 4566 abbatis
1570 4509 1647 4566 ellari
1661 4510 1789 4580 alteratas,

146 4614 204 4663 tarn
219 4605 252 4659 ad
275 4605 458 4674 integritatem
481 4602 665 4672 intelligentie
687 4602 833 4672 repararit.
844 4600 944 4657 Omnes
959 4567 1133 4654 ”divinitati
1150 4600 1239 4669 potius
1254 4601 1324 4657 dona
1339 4615 1387 4657 sua
1409 4599 1563 4669 referimus,
1578 4615 1639 4673 gua
1651 4601 1792 4658 dexteram

92 4762 95 4768 ,
146 4697 221 4752 enixo
234 4709 410 4767 quoscunque
427 4709 474 4765 per
487 4708 548 4751 enm
568 4707 584 4747 a
605 4692 720 4749 diversis
744 4691 945 4749 intirmitatibus
997 4692 1057 4762 sins
1069 4691 1239 4748 marniestum
1254 4703 1296 4748 est
1309 4692 1433 4750 eiieeisss
1453 4694 1526 4765 quod
1540 4701 1649 4750 unetos
1668 4694 1792 4750 constitit

147 4785 260 4842 testera
274 4784 363 4841 diuina
384 4786 513 4850 salvavit,
529 4785 551 4841 si
565 4784 661 4852 inopes
686 4779 814 4850 inissent,
835 4782 893 4852 ipse
907 4782 946 4838 ci·
999 4795 1126 4853 operasse
1141 4792 1165 4850 ι,
1180 4783 1358 4854 deprecantes
1373 4795 1402 4839 ut
1412 4785 1515 4855 aperiat
1526 4800 1558 4842 os
1574 4789 1641 4843 muti
1654 4786 1688 4842 ati
1703 4786 1794 4858 pniit·

115 4860 129 4896 ‘⁴
151 4882 217 4937 bun
241 4878 423 4949 uestitumque
445 4875 645 4948 dispensatione
660 4873 747 4936 ¹ltiiari
772 4874 945 4945 porrigebat;
1000 4876 1476 4950 sandaopcraantistitissui:quia
1495 4879 1566 4937 tieat
1590 4894 1653 4938 ests
1679 4895 1730 4938 nos
1750 4894 1793 4936 re·

150 4973 279 5038 ιιιιιιῳιι
291 4969 315 5024 ei
328 4984 393 5024 cura
408 4967 443 5024 de
466 4968 606 5039 egentibus
628 4967 687 5034 init,
711 4976 740 5021 ut
754 4967 836 5021 etiam
850 4973 945 5036 pontes
999 4969 1185 5039 cognoscimus
1212 4968 1323 5023 scientia
1347 4977 1452 5031 metues,
1473 4972 1509 5028 ita
1534 4973 1657 5028 norimus
1679 4971 1708 5028 itt
1726 4986 1792 5028 eoo·

146 5075 232 5130 supa
253 5063 348 5118 aixeos
361 5062 480 5118 amolum
503 5062 644 5134 diligenter
660 5060 815 5126 instrueret,
827 5072 863 5115 ne
885 5057 946 5130 quis
999 5059 1112 5115 seientia
1125 5067 1292 5129 peccatores.

150 5151 344 5211 inundantibus
353 5155 428 5227 ansis
441 5151 577 5226 onniragia
591 5153 786 5226 contingeret.
1034 5150 1056 5207 i.
1076 5149 1158 5222 igitur
1170 5159 1280 5207 sanetus
1289 5150 1438 5210 venentius
1447 5152 1555 5223 iliturigi
1565 5151 1691 5210 territorii
1704 5153 1800 5210 incola

191 5246 235 5301 iil.
257 5248 286 5303 in
299 5248 341 5303 iiis
357 5262 422 5318 ergo
443 5248 585 5304 uirtutibus
596 5247 686 5301 eiarus
701 5245 728 5301 in
742 5243 848 5316 populis
858 5242 946 5300 decia·
999 5243 1059 5312 luit,
1075 5245 1231 5314 parentibus
1245 5246 1492 5303 secundanseenti
1502 5246 1656 5317 dignitatern
1669 5247 1792 5319 ingenuis

152 5353 312 5407 sarnacum
327 5353 399 5398 essct
417 5357 548 5397 erratorum
562 5342 671 5397 circiter
685 5339 872 5410 quadraginta,
886 5352 946 5392 mo·
998 5346 1078 5408 atque
1096 5337 1420 5409 minduniensem..
1439 5337 1472 5394 ta
1486 5341 1568 5412 liet).
1581 5340 1632 5410 Qui
1645 5344 1709 5399 dnm
1722 5355 1795 5401 esset

149 5434 212 5489 dira
235 5436 357 5507 pulsatus
380 5434 467 5500 lehre,
483 5449 532 5505 per
547 5435 664 5490 triduum
680 5430 780 5487 lectulo
792 5429 945 5498 decubavit,
996 5428 1109 5501 irtxeoili
1123 5439 1202 5486 atate
1217 5432 1327 5499 docens,
1343 5448 1357 5487 a
1374 5432 1528 5503 parentibus
1542 5437 1661 5504 sponsali
1685 5440 1793 5496 siricolo

150 5525 356 5596 unrrrtiaxnnrqne
374 5539 416 5580 est
430 5526 495 5581 mibi
510 5539 571 5581 enm
591 5524 718 5580 transitus
741 5531 812 5578 esset
835 5521 944 5590 propin·
998 5523 1141 5594 obiigatur.
1156 5522 1288 5592 Curaque,
1305 5535 1335 5579 ut
1348 5525 1420 5578 artati
1437 5523 1498 5579 bnie
1509 5528 1646 5595 censenti,
1662 5534 1747 5584 arnoni
1762 5544 1793 5587 ss

149 5631 229 5685 qttut.
246 5618 281 5672 st
294 5632 344 5687 ego
359 5617 478 5673 velocius
499 5617 563 5672 ilinc
577 5629 735 5688 properans,
763 5613 797 5669 ad
820 5613 944 5669 lectulum
1001 5613 1112 5686 puellari
1123 5623 1265 5684 prestaret
1278 5614 1425 5684 allabilern,
1436 5624 1464 5673 el
1476 5631 1538 5674 cnm
1550 5621 1653 5691 poeolis
1667 5619 1790 5693 trequen-

186 5755 200 5784 ⁴
219 5744 313 5813 idest,
330 5751 493 5808 nonnullis...
509 5751 625 5806 eismsis.
1038 5748 1129 5816 emt,
1145 5759 1262 5822 operatos
1288 5769 1348 5809 esse.
1377 5753 1474 5826 Scripti
1502 5757 1556 5815 duo
1580 5758 1697 5814 essetis..
1730 5775 1789 5830 epe·

186 5818 200 5857 ⁵
216 5817 346 5890 Prologus
357 5822 433 5889 deest
447 5823 473 5878 in
486 5824 546 5878 ilai.
564 5840 600 5878 m.
617 5824 643 5877 b.
1001 5836 1080 5876 resse.
