3794 6128
121 176 158 247 ss
365 192 368 197 ·
892 168 1116 249 rnnramo.

121 296 258 373 Eoeuim
275 312 414 387 empore,
435 316 501 387 post
523 310 738 385 voriascludes,
762 326 836 389 quas
850 311 905 371 sub
928 312 1112 387 ro-hpisser,
1131 304 1200 389 quie
1227 328 1246 372 a
1274 312 1347 373 viris
1370 314 1429 389 plis
1453 310 1556 373 reterri
1577 306 1731 369 solebant:
1751 308 1802 365 lo

121 402 221 479 potitis
243 400 329 461 toties
343 400 532 461 harbarorum
548 400 771 461 incursionibus
787 400 891 461 Gallico
913 416 978 474 per·
1019 402 1126 476 inquit,
1149 390 1237 472 'soteri
1261 418 1305 460 ree
1327 406 1394 460 titos
1411 420 1468 460 esse
1484 405 1608 470 altiores,
1629 416 1714 471 quam
1738 402 1802 455 atr

122 488 720 571 pessaeiucrant,adeoincuitae1'acebant
741 491 854 559 litterae,
881 495 913 547 ut
927 503 978 546 ne·
1016 497 1127 563 possent
1151 498 1262 563 attingi,
1281 511 1363 565 quom
1390 501 1487 550 temere
1510 494 1624 563 deperire
1642 494 1694 547 illo
1720 506 1779 546 csse

124 594 174 639 mo
186 580 380 650 inueniretur,
400 578 513 653 quires
538 586 631 651 gest-rs
654 577 758 635 litteris
778 576 980 635 commendare
1019 584 1164 647 mirumne,
1185 589 1234 639 ont
1250 586 1286 641 ob
1305 587 1412 641 homim
1430 586 1513 640 nimis
1537 584 1646 639 creduto
1667 584 1772 653 efficto.
1792 580 1802 639 l

124 668 244 739 valeret,
259 674 293 729 ut
307 669 368 742 ipse
382 666 543 739 Gregorius
566 673 687 726 testatur
705 668 735 725 in
753 666 869 741 prologo
882 666 979 724 Histo·
1020 668 1153 730 oulorum
1168 674 1246 731 enim
1262 675 1388 747 operatio
1399 690 1475 733 cerm
1489 672 1624 731 Ecclesiae
1637 679 1744 730 tessera
1758 679 1803 731 est

89 772 93 779 ·
124 754 179 815 riae
191 780 199 815 ε
213 762 263 815 aut
276 762 363 826 ccrto,
379 754 484 829 siquis
505 770 554 813 eas
573 754 699 828 politiori
719 756 795 829 stylo
820 753 981 812 discribere
1020 758 1102 817 illam
1118 760 1154 819 ah
1168 762 1368 823 haereticorum
1384 763 1468 821 sectis
1480 762 1647 821 distinctam
1660 761 1802 835 sempcri

124 852 246 905 0011111118
268 844 380 917 suisset,
400 842 517 904 inutilis
532 844 635 904 iuiEst’t
656 845 719 919 ejus
739 844 867 918 scriptio,
883 849 981 917 utpote
1022 851 1119 911 Patres
1139 857 1167 911 et
1192 854 1325 915 Et'clt'siae
1345 856 1478 914 Doctores
1495 855 1629 911 omnium
1648 860 1803 927 temporun

125 950 214 1011 quam
229 935 360 1011 plerique
375 951 433 995 non
447 935 668 1009 intellexissent,
679 943 711 994 ut
733 936 810 994 idem
825 934 982 1007 Gregorius
1022 948 1184 998 secuerunt.
1198 940 1242 999 Ex
1258 958 1315 1015 quo
1328 942 1406 999 euim
1421 942 1564 999 Dominus
1579 948 1676 999 noster
1700 941 1729 999 in
1748 942 1802 999 Eva

125 1038 186 1084 non
202 1024 293 1084 mmet
307 1023 466 1098 profitetur.
481 1024 553 1095 Quen
570 1025 658 1084 etiam
678 1039 766 1084 causa
779 1025 835 1083 tuit
858 1032 891 1082 ut
905 1023 981 1096 leges
1022 1026 1062 1085 lio
1076 1027 1221 1098 pollicitus
1240 1033 1293 1100 est,
1314 1042 1363 1085 eos
1387 1028 1437 1101 qui
1459 1028 1487 1085 in
1505 1028 1600 1101 ipsum
1616 1028 1753 1086 credituri
1771 1044 1802 1087 es

125 1119 155 1175 et
175 1115 239 1191 ipsa
259 1132 362 1190 regum
383 1122 546 1175 nostrorum
566 1115 724 1189 diplomata
747 1115 847 1173 eodem
865 1128 983 1187 prorsus
1023 1118 1131 1192 majora
1152 1124 1180 1175 ct
1201 1117 1293 1191 plura,
1318 1134 1406 1192 quam
1425 1134 1492 1192 quae
1508 1119 1567 1191 ipse
1583 1119 1706 1190 iecisset,
1731 1118 1802 1179 editt

126 1204 203 1281 stylo
219 1206 327 1264 rustico
338 1204 542 1263 conderentur.
558 1202 641 1262 Unde
656 1209 688 1261 ut
701 1204 787 1277 genio
804 1203 851 1261 sui
871 1210 982 1275 tempo-
1023 1205 1055 1263 in
1076 1205 1204 1263 Ecclesia
1226 1222 1282 1265 non
1299 1205 1428 1275 deiuere,
1444 1206 1556 1281 quoties
1577 1206 1629 1264 illa
1652 1206 1697 1265 vel
1721 1207 1757 1265 ad
1773 1208 1802 1265 in

126 1296 169 1355 ris
181 1294 390 1371 obsequeretur
403 1294 570 1367 Gregorius,
585 1308 642 1352 non
656 1310 721 1352 raro
731 1293 885 1352 accusandi
899 1308 983 1351 casus
1024 1292 1097 1350 lium
1112 1292 1340 1363 conversionem,
1356 1294 1401 1350 ret
1411 1295 1447 1352 ad
1460 1292 1592 1351 tidelium
1607 1294 1725 1353 inrecta
1741 1295 1800 1353 tide

125 1393 179 1456 pro
202 1379 337 1441 ablativis
356 1381 495 1441 absolutis
520 1381 614 1439 sciens
633 1380 818 1455 prudensque.
837 1378 980 1438 adhibuit.
1025 1382 1216 1439 firmationem
1231 1381 1391 1440 necessaria
1404 1382 1531 1439 tuorum.
1545 1380 1647 1439 Petrus
1662 1382 1693 1440 in
1709 1384 1791 1443 Actia

125 1470 193 1532 Non
211 1470 271 1531 tuit
296 1471 395 1547 itaque
418 1470 555 1545 Gregorio
578 1469 733 1544 peculiaris
751 1471 806 1529 isto
828 1469 984 1528 locutionis
1024 1474 1164 1532 stolorum
1183 1489 1213 1531 se
1236 1474 1311 1533 hane
1326 1480 1493 1547 potestatem
1513 1472 1650 1532 babuisse
1664 1475 1802 1548 protessus

126 1557 284 1629 barbaries,
293 1574 382 1635 quam
397 1560 505 1618 inatiis
515 1575 632 1636 quoque
644 1562 707 1635 ejus
720 1560 777 1618 sevi
790 1560 910 1619 sinceris
920 1574 983 1617 mo·
1024 1575 1091 1618 cum
1112 1560 1220 1633 petenti
1244 1560 1401 1635 paralytico
1424 1559 1639 1634 eleemosynam
1664 1561 1801 1636 respondi

126 1652 278 1713 humentis
290 1651 504 1726 deprehendere
530 1650 628 1725 quiris
654 1651 739 1709 tacito
765 1651 877 1724 poterit.
896 1649 1143 1730 Cetegquidcm
1168 1658 1322 1724 argentum
1341 1666 1398 1709 non
1419 1650 1535 1722 habore,
1558 1652 1607 1709 sed
1629 1655 1703 1724 quod
1719 1656 1802 1713 babeo

127 1758 194 1803 rum
210 1743 262 1803 etsi
278 1742 444 1815 Gregorius,
462 1748 495 1801 ut
512 1748 573 1801 erat
594 1742 641 1799 vir
657 1758 779 1801 summac
794 1741 942 1801 modestiae
955 1748 983 1799 et
1025 1740 1099 1816 quit,
1115 1743 1169 1800 boc
1183 1743 1236 1797 ttbt
1247 1744 1303 1809 do;
1319 1746 1349 1798 in
1369 1745 1477 1799 nomine
1491 1744 1594 1799 Christe·
1615 1761 1696 1815 surge
1718 1730 1802 1803 darn

126 1834 314 1904 humititatis,
334 1833 443 1909 passim
455 1848 518 1890 sese
532 1832 640 1907 linguae
656 1831 755 1891 latinae
770 1834 940 1907 imperitum
956 1839 985 1891 et
1026 1828 1061 1887 Et
1075 1828 1191 1903 quidem
1217 1830 1263 1888 rel
1276 1830 1337 1889 sota
1355 1829 1417 1902 cius
1430 1830 1558 1904 corporis
1570 1832 1672 1890 umbra
1695 1833 1802 1893 morbo

126 1922 276 1983 homiuem
293 1922 396 1982 rudem
412 1920 665 1996 profiteatur3non
677 1928 774 1980 tamen
786 1920 985 1995 adeoiguarus
1026 1918 1117 1977 rabat.
1138 1918 1222 1978 Pauli
1237 1919 1377 1978 miracula
1395 1926 1492 1990 taceo;
1509 1920 1557 1979 sed
1577 1936 1611 1979 co
1631 1928 1710 1991 teste,
1736 1924 1800 1981 baec

126 2010 220 2071 tuisse
233 2011 395 2071 censendus
409 2018 461 2079 cst,
477 2009 597 2068 utnulla
612 2010 775 2070 litterarum
791 2010 911 2069 scientia
925 2010 986 2068 tue
1027 2008 1067 2065 tia
1089 2008 1126 2066 ab
1147 2009 1293 2082 Apostotis
1307 2010 1343 2067 ad
1360 2008 1460 2068 tidcles
1476 2010 1599 2076 tmnsiit,
1612 2026 1738 2085 quorum
1750 2012 1803 2071 alii

126 2102 166 2163 rit
176 2100 338 2161 instructus
352 2124 359 2159 ι
375 2116 442 2159 cum
457 2115 473 2158 e
487 2099 630 2159 contrario
643 2099 729 2159 illum
742 2100 773 2158 in
786 2108 917 2159 reiorum
932 2114 986 2158 au·
1026 2112 1096 2155 nera
1109 2096 1287 2173 linguarum,
1303 2100 1369 2159 aliis
1382 2102 1505 2173 gratiam
1531 2104 1729 2174 curationum,
1745 2103 1802 2163 alii

126 2199 239 2253 ciorum
253 2191 375 2249 lectione
389 2189 518 2247 maximo
528 2196 676 2247 versatum
688 2189 775 2248 tuisse
786 2189 883 2265 colligi
898 2190 987 2265 possit
1026 2184 1233 2244 charismatum
1253 2185 1328 2245 dona
1350 2202 1484 2247 concessa
1504 2189 1594 2247 luisse
1616 2189 1726 2247 scribit.
1752 2189 1802 2265 Ign

126 2296 166 2341 ox
179 2280 269 2339 variis
282 2294 383 2337 eorum
399 2276 478 2347 locis,
493 2292 567 2353 quos
581 2276 731 2336 interdum
747 2277 907 2336 narrationi
923 2294 986 2337 suae
1028 2274 1231 2348 Apostolorum
1246 2276 1416 2351 discipulus,
1431 2295 1498 2338 cum
1518 2279 1657 2354 martyrio
1669 2281 1802 2353 proxima

125 2366 330 2431 intermiscuit.
354 2366 465 2426 Vocum
488 2365 575 2425 etiam
600 2365 768 2425 Graecorum
796 2382 826 2425 se
854 2364 987 2425 notitiam
1028 2373 1081 2435 set,
1103 2366 1256 2425 serebatur
1271 2384 1307 2425 ne
1321 2368 1388 2442 ipsi,
1403 2370 1477 2427 sicut
1499 2370 1565 2429 aliis
1586 2372 1693 2429 sanctis
1712 2371 1802 2447 contiq

125 2457 988 2537 aliquamhahuisscinnuit,dumLatinorumroccsoxety-
1028 2453 1128 2511 hestiae
1156 2454 1296 2513 miraculo
1328 2457 1533 2515 mansuefactae.
1563 2464 1722 2532 parcerent.
1748 2459 1802 2519 dus

127 2550 263 2624 mologiis
279 2548 410 2625 exponit.
423 2547 517 2607 Testis
529 2564 645 2621 quoque
659 2548 845 2617 Fortunatus,
857 2547 905 2605 cui
918 2561 988 2604 sane
1030 2545 1154 2602 ethnicis
1167 2546 1321 2619 exprobrat
1342 2561 1494 2619 magorum
1515 2555 1543 2605 et
1562 2547 1774 2608 incantatorum
1789 2550 1798 2609 i

120 2638 218 2715 ¹probe
238 2643 326 2697 notus
349 2642 420 2709 erat,
444 2636 519 2694 hanc
540 2636 571 2694 in
594 2650 655 2694 rcm
674 2634 779 2694 adduci
805 2639 909 2708 potest,
933 2633 985 2708 qui
1030 2635 1162 2705 tentiam,
1178 2650 1245 2693 cum
1264 2637 1425 2723 econtrario
1443 2635 1599 2696 Christiani
1615 2638 1674 2695 sola
1686 2638 1758 2698 Jcsu
1777 2638 1802 2699 e

128 2726 193 2801 ejus
205 2724 401 2799 eloquentiam
425 2730 453 2784 et
477 2723 673 2782 eruditionem
698 2722 804 2795 passim
823 2722 931 2781 laudat.
951 2722 987 2779 Et
1028 2722 1158 2780 nominis
1171 2722 1352 2782 invocatione
1373 2724 1447 2783 nihil
1466 2741 1524 2784 non
1539 2733 1656 2799 possent
1669 2726 1792 2785 eihcere.

128 2830 200 2876 sane
220 2813 437 2892 quantumlibet
451 2810 579 2886 simplici
603 2826 737 2870 sermone
751 2810 898 2882 scripserit
913 2810 985 2870 Grc-
1027 2810 1105 2868 clara
1118 2810 1237 2869 omnino
1252 2828 1285 2870 ea
1297 2812 1333 2869 dc
1348 2828 1378 2869 re
1394 2813 1479 2871 hahet
1493 2810 1633 2883 Irenaeus,
1648 2815 1699 2889 qui
1713 2814 1803 2877 saecul

128 2906 240 2983 gorius,
259 2920 306 2965 res
324 2910 421 2963 tamen
445 2910 549 2979 gestas,
568 2901 666 2961 nescio
688 2916 747 2975 qua
761 2900 940 2972 ingenuitate
959 2905 988 2960 et
1027 2903 1125 2961 cundo
1140 2903 1246 2973 floruit,
1262 2911 1290 2961 et
1303 2903 1387 2963 initio
1397 2905 1472 2962 tertii
1486 2921 1587 2979 passus
1600 2914 1651 2963 est.
1662 2906 1717 2965 iiic
1728 2906 1759 2964 in
1775 2906 1802 2965 lii

128 2994 231 3057 nativa
242 2992 408 3069 eloquentia
420 2991 569 3065 describit,
587 2998 621 3050 ut
633 3006 686 3050 nec
702 2989 862 3066 injucunda
876 2989 912 3047 sit
923 2991 1177 3086 ejuschdrersus
1204 2993 1340 3062 haereses,
1360 2994 1451 3066 capite
1470 2993 1515 3063 57,
1535 3009 1593 3052 non
1621 3010 1715 3053 unum
1736 3002 1789 3054 aut

127 3086 267 3157 narratio,
278 3100 333 3145 nec
350 3084 506 3145 lastidiosa.
1030 3098 1107 3152 rum,
1122 3088 1172 3141 aut
1186 3089 1262 3140 certe
1273 3081 1359 3155 plura
1385 3099 1402 3140 a
1418 3084 1591 3142 Christianis
1606 3086 1677 3142 tacta
1692 3085 1802 3145 miracu

165 3176 211 3238 bd.
225 3177 345 3237 Falsum
360 3184 455 3235 tamen
475 3174 633 3249 aliquando
644 3174 733 3233 tuisse
747 3172 921 3247 Gregorium
940 3170 988 3230 in·
1030 3179 1147 3230 censet:
1164 3174 1214 3231 sed
1228 3174 1302 3231 hanc
1319 3174 1409 3247 ipsam
1426 3172 1561 3231 Ecclesiae
1574 3174 1722 3232 catholicae
1736 3190 1799 3235 csse

126 3266 223 3343 omri
241 3268 345 3328 nolim.
370 3267 441 3325 Haec
459 3267 539 3325 enim
554 3273 597 3323 est
613 3280 761 3324 sacrorum
777 3264 909 3322 codicum
928 3262 989 3321 sin·
1031 3261 1191 3335 rogativam
1214 3260 1324 3335 prohat,
1346 3268 1378 3320 ut
1402 3276 1470 3320 cum
1496 3262 1699 3321 hereticorum
1718 3272 1802 3323 secte

129 3356 242 3435 guiaris
266 3356 469 3433 praerogativa,
500 3362 532 3413 ut
558 3354 611 3413 soli
636 3353 722 3412 ecmti
748 3354 897 3411 immunes
919 3351 987 3411 siut.
1030 3350 1186 3426 praestigiis
1211 3350 1286 3408 nihil
1309 3358 1436 3424 possent,
1461 3350 1519 3409 nisi
1545 3352 1616 3410 torte
1640 3351 1801 3411 incautisd

131 3444 305 3521 hpocrypua
318 3451 489 3504 secutusest
501 3458 716 3517 nonnunquam
726 3442 892 3515 Gregorius,
909 3440 990 3499 ialsis
1030 3442 1148 3513 interce,
1162 3441 1262 3500 fideles
1286 3442 1446 3514 miraculis,
1463 3451 1490 3499 ct
1509 3441 1688 3511 certissimis,
1702 3448 1730 3500 et
1752 3442 1802 3501 iret

132 3549 206 3595 usus
218 3540 263 3593 est
277 3533 485 3601 monumentis,
508 3534 607 3591 fateor.
623 3532 857 3606 Computationes
878 3538 989 3606 tempo·
1034 3532 1164 3603 tissimis,
1181 3530 1269 3589 fidem
1295 3547 1378 3589 suam
1393 3530 1599 3605 approbarenq
1616 3531 1655 3589 ita
1679 3538 1711 3588 ut
1727 3530 1802 3606 saepi:

132 3638 201 3685 rum
215 3638 275 3683 non
301 3624 371 3681 satis
384 3628 548 3681 constantes
571 3620 715 3680 adhibuit.
741 3620 796 3681 Sed
814 3622 874 3681 haec
890 3621 988 3680 omnia
1029 3624 1106 3698 opud
1119 3639 1168 3682 eos
1179 3622 1275 3681 claudi
1289 3638 1433 3695 gressum,
1444 3620 1514 3679 caci
1526 3620 1634 3690 risum,
1648 3619 1730 3679 surdi
1743 3618 1801 3679 aud

132 3716 199 3791 cjns
210 3728 332 3789 operum
344 3711 462 3771 utilitati
477 3712 529 3771 rix
550 3712 709 3789 quidquam
725 3712 882 3772 detrabunt
897 3736 903 3770 :
920 3728 987 3771 cum
1029 3714 1119 3773 immo
1133 3722 1162 3773 ct
1175 3713 1283 3771 mortui
1297 3712 1386 3771 vitam
1401 3712 1534 3769 tidelium
1548 3710 1683 3785 precihus
1699 3710 1802 3769 fuerin:

134 3802 299 3883 pertineant
311 3801 497 3877 potissimum
509 3801 544 3860 ad
562 3808 672 3869 veteres
693 3799 844 3870 Historias,
862 3815 935 3874 quas
949 3814 987 3857 ex
1029 3805 1128 3864 secuti.
1145 3803 1222 3874 Quos
1245 3802 1362 3877 quidem
1385 3803 1519 3861 homines
1533 3818 1549 3859 a
1563 3809 1654 3860 morte
1670 3802 1802 3861 excitator

135 3892 203 3954 aliis
226 3892 395 3951 auctoribus
421 3890 608 3965 deprompsit,
635 3890 815 3965 proindeque
840 3888 924 3947 iaciie
949 3904 987 3947 ex
1027 3902 1124 3969 postea
1146 3894 1221 3952 inter
1242 3900 1360 3951 caeteros
1375 3892 1509 3952 mortales
1524 3892 1632 3951 risisse
1648 3892 1802 3951 observate

136 3982 203 4043 eliis
220 3979 419 4041 monumentis
447 3978 596 4038 emendari
623 3978 742 4052 possint.
774 3977 858 4036 Unde
883 3983 988 4036 nostras
1030 3984 1184 4060 sequenti,
1214 4000 1250 4042 ne
1276 3984 1349 4041 torto
1378 3990 1457 4041 tanta
1483 3982 1624 4041 miracula
1650 3982 1802 4057 praestigiis

77 4138 82 4151 .
137 4068 233 4145 {lindi
245 4067 391 4140 Hi⁸i⁰fiffl2
407 4083 474 4142 (111ἔθ
491 4066 640 4141 P⁰fi⁵⁵i¹¹¹³
659 4074 702 4125 ‘Si
720 4066 782 4140 eius
797 4079 917 4139 ⁰iltl1¹ffl
931 4064 991 4124 uti·
1032 4073 1126 4133 miues
1153 4073 1310 4132 attribuere
1335 4072 1486 4130 auderent.
1514 4070 1649 4145 Ejusdem
1674 4071 1714 4128 rci
1737 4068 1802 4129 testi

139 4158 216 4230 litas,
230 4158 292 4218 sire
305 4157 514 4226 ecclesiasticas,
528 4156 590 4215 sive
597 4155 689 4224 cirili,
701 4155 830 4213 manime
842 4170 911 4227 quae
925 4168 991 4228 pro-
1032 4161 1140 4219 saecuto
1154 4162 1237 4219 tertio
1251 4160 1331 4219 omni
1353 4161 1522 4233 exceptione.
1538 4160 1630 4234 notior
1642 4158 1802 4234 Cyprianus

138 4252 206 4327 pius
228 4250 264 4309 ad
287 4250 418 4325 Gregorii
435 4256 550 4309 aetatem
574 4249 707 4323 pertinet,
731 4246 875 4322 eiusmodi
899 4254 992 4305 errata
1034 4252 1260 4323 thaginiensium
1275 4250 1396 4309 antistes
1406 4258 1433 4308 et
1447 4250 1552 4309 Christi
1570 4258 1688 4324 martyr,
1710 4249 1763 4324 qui
1777 4250 1802 4307 hc

139 4354 200 4401 non
211 4338 351 4399 officiunt.
369 4336 438 4397 Visa
452 4338 533 4395 enim
549 4352 619 4401 ase,
640 4343 673 4395 ut
689 4334 860 4410 plurimum,
876 4331 922 4392 vel
937 4338 1205 4416 au-Dgumentum
1229 4356 1287 4398 non
1306 4339 1404 4407 semd,
1428 4340 1477 4397 sed
1497 4340 1679 4413 potissimum
1696 4339 1725 4396 in
1750 4337 1802 4397 libr

140 4430 200 4489 dita
210 4428 335 4503 scripsit,
355 4426 462 4504 quibus
475 4428 506 4485 in
521 4423 680 4484 referendis
689 4440 759 4483 edm
772 4425 848 4483 1111111
861 4438 993 4497 1111111111
1035 4432 1182 4491 idolorum
1204 4430 1330 4488 vanitate
1352 4438 1379 4488 et
1401 4429 1436 4488 ad
1456 4429 1672 4488 Demetrianum
1695 4436 1802 4501 pertrac

141 4516 200 4577 dde
213 4532 301 4579 usum
315 4516 406 4577 [111111
423 4530 510 4575 nemo
523 4514 641 4573 dixerit·
1036 4521 1142 4581 Omitto
1159 4518 1330 4588 Eusebium,
1350 4518 1533 4577 Lactantium
1548 4526 1575 4576 ct
1590 4517 1672 4583 alius,
1691 4516 1741 4589 qui
1764 4514 1802 4575 su'

177 4606 284 4678 1111,
297 4608 425 4681 inquies,
440 4605 627 4665 itacreduius
640 4604 909 4679 eratGregoriusac
923 4603 994 4661 sim·
1037 4607 1095 4667 culi
1112 4608 1188 4666 tertii
1206 4608 1305 4671 tinem,
1322 4614 1349 4664 ct
1365 4605 1460 4681 quarti
1477 4605 1596 4663 initium
1614 4606 1764 4662 riserunt.
1781 4602 1802 4661 E

141 4698 223 4773 ple-x,
241 4704 275 4756 ut
293 4695 412 4771 quidvis
432 4697 542 4770 absque
564 4696 677 4756 deiectu
691 4696 753 4755 suis
768 4695 882 4769 scriptis
896 4694 996 4752 ridea-
1038 4701 1132 4755 rictus
1151 4704 1214 4771 post
1236 4696 1331 4755 datam
1356 4694 1492 4753 Ecclesiae
1510 4710 1607 4768 pacem
1630 4708 1803 4766 perseverat

144 4796 193 4851 tur
211 4786 380 4856 inseruisse,
393 4793 421 4843 et
435 4788 534 4844 omnia
549 4787 607 4845 iere
626 4795 729 4845 erema
742 4788 891 4846 mimculis
909 4786 995 4845 ascri·
1039 4793 1124 4846 testes
1139 4796 1207 4846 sunt
1219 4786 1427 4860 hieronymus,
1443 4786 1580 4849 Rulinus,
1595 4784 1742 4858 Sulpicius
1757 4783 1802 4843 su

143 4876 246 4953 psisse.
266 4873 374 4933 Verum
396 4875 450 4933 etsi
464 4874 554 4933 nolim
573 4874 708 4943 inticiuri,
733 4874 904 4948 Gregorium
927 4874 998 4933 torte
1040 4884 1068 4936 ct
1079 4878 1141 4946 alii,
1155 4877 1206 4953 qni
1222 4887 1336 4951 patrum
1351 4884 1378 4934 et
1391 4878 1516 4934 aliorum
1528 4884 1693 4934 spretorum
1706 4872 1802 4933 ritasd

144 4966 177 5027 in
195 4966 347 5027 medenffis
367 4964 517 5024 miraculis
542 4962 699 5038 aliquando
723 4964 811 5024 tuisse
829 4966 998 5038 faciliorem,
1040 4974 1170 5041 pserunt.
1191 4966 1271 5024 Idem
1286 4972 1426 5023 testantur
1444 4964 1595 5029 Paulinus,
1611 4962 1802 5021 ‘theodoritus

145 5072 215 5117 cum
233 5062 329 5118 mmon
353 5062 463 5117 cerrum
484 5056 522 5114 sit
535 5070 571 5115 er
591 5055 658 5115 aliis
670 5056 733 5131 eius
751 5056 808 5115 reri
834 5057 1001 5117 auctoribus
1041 5057 1156 5116 Graecos
1175 5064 1268 5130 patres
1292 5055 1343 5113 rix
1360 5054 1412 5115 ulli
1432 5053 1595 5112 eruditione
1611 5052 1769 5121 secuntus,
1788 5066 1802 5128 q

77 5142 95 5219 J
145 5152 215 5207 tuno
230 5147 368 5221 temporis
388 5145 482 5207 multa
504 5146 645 5205 miracula
668 5147 831 5219 contigisse,
845 5163 904 5206 non
921 5146 1000 5206 ohid
1041 5148 1127 5207 hrum
1152 5162 1184 5205 ea
1208 5146 1244 5203 de
1268 5162 1299 5204 re
1322 5144 1498 5218 singularem
1519 5144 1574 5201 sub
1596 5142 1739 5215 religiose
1760 5140 1802 5201 Hi

146 5236 329 5297 solummodo
354 5237 432 5313 quod
451 5236 592 5295 miracuta
617 5243 696 5305 suut,
712 5252 744 5296 ea
759 5250 822 5295 esse
845 5236 1000 5309 rejicienda
1042 5235 1127 5296 tituto
1150 5236 1249 5294 edidit.
1280 5235 1406 5294 Plurima
1431 5234 1571 5293 miracula
1599 5248 1651 5292 suo
1673 5240 1802 5305 ternpore

147 5324 322 5397 censuerim,
334 5326 391 5385 nisi
407 5323 586 5399 aliquaratio
597 5324 696 5395 granis
713 5324 740 5382 id
752 5324 878 5384 suadeat.
892 5324 953 5385 Har
969 5326 999 5383 in
1040 5335 1136 5387 narrat
1154 5326 1344 5389 Augustinus.
1365 5326 1547 5399 potissimum
1567 5323 1598 5380 in
1616 5321 1698 5380 lihris
1716 5321 1752 5378 de
1772 5318 1802 5377 Ci

146 5430 180 5475 re
201 5414 345 5491 sequenda
374 5414 487 5473 ridetur
508 5413 600 5473 sancti
627 5414 784 5486 Augustini
810 5414 920 5487 regula,
948 5416 998 5491 qui
1040 5416 1101 5475 Dei.
1132 5415 1303 5475 Sanctorum
1328 5414 1461 5474 Gerrasii
1487 5422 1514 5470 et
1541 5412 1659 5471 Protasii
1686 5410 1723 5468 ah
1740 5408 1802 5469 :imi

101 5548 104 5553 -
147 5518 215 5567 enm
233 5504 326 5565 multa
340 5502 520 5565 circumferri
535 5504 675 5565 miracula
693 5504 769 5581 apud
794 5506 902 5583 vulgus
918 5522 999 5567 acce-
1040 5506 1228 5565 incentorum
1242 5513 1280 5563 tot
1293 5504 1411 5563 iucruut
1425 5502 1633 5563 miraculorum
1649 5514 1802 5576 praecones¹
