3794 6128
61 172 101 237 Β
273 198 278 205 ·
737 230 742 239 ,
834 172 1044 243 metio.
1568 170 1574 177 '
1781 172 1821 235 54

61 312 134 361 ineii
154 294 421 375 spernendibabet
442 295 480 359 ris
506 294 634 359 duram
655 300 810 363 nationum
834 302 1035 380 reinelinus,
1054 310 1088 367 nt
1113 304 1261 383 episcopos
1276 298 1418 363 inGallis
1431 299 1480 361 lits
1504 300 1614 375 wilm
1635 298 1817 377 milium

58 390 163 467 gestis
182 402 251 465 qna
270 386 379 447 exinde
400 388 489 449 etiam
505 386 625 450 illarum
638 390 770 467 gentium
796 393 922 469 propria
961 394 1059 456 nullos
1072 396 1162 457 luisse
1173 392 1372 455 existimaret:
1387 388 1466 465 quod
1479 388 1600 465 quidem
1617 404 1656 449 ex
1668 388 1741 466 tpsii
1751 386 1818 465 eiua
1866 442 1869 447 .

59 478 196 541 historie
210 480 364 551 scriptores
382 478 509 540 mutuati
523 484 601 539 sunt.
619 478 685 555 Ipse
703 480 798 555 nobis,
813 489 846 543 ut
859 498 921 543 iem
961 484 1059 543 verbis
1072 490 1184 543 ceruini
1200 487 1253 543 est.
1279 484 1313 541 ia
1331 480 1441 551 dalilis,
1461 478 1567 555 inquit,
1591 477 1668 539 libro
1687 490 1709 552 t,
1723 476 1818 555 cada

58 566 210 643 exemplis
221 566 386 643 probemus,
400 566 648 641 Burgundionum
662 578 691 629 et
702 570 920 647 Tburingorum
961 572 1005 636 ib.
1023 572 1076 632 ribi
1090 572 1125 631 de
1142 568 1284 630 Antonini
1306 566 1516 643 persecutione,
1538 570 1620 626 malti
1639 586 1692 643 pro
1712 570 1836 641 cm

59 654 213 717 fortunam
239 656 407 730 descripsit;
426 654 662 733 Wisigotborum
686 658 716 717 in
744 659 922 735 Septimania
960 667 1067 720 nomiae
1086 666 1151 719 snat
1178 678 1227 732 per
1247 662 1411 729 mangania
1433 659 1565 722 mraaatr',
1582 672 1651 717 crim
1665 656 1758 731 capite
1770 654 1817 719 Ἡ

59 744 137 803 etin
157 744 301 821 Hispania
314 760 414 813 regem
429 746 533 804 seriem
553 746 590 805 ab
610 762 645 806 eo
658 750 832 822 accepimns.
855 750 918 810 Non
960 753 1146 809 sublicae...
1162 750 1253 820 llujie
1275 755 1392 821 tempore
1404 752 1505 819 septem
1528 748 1584 802 otri
1607 746 1818 821 episcopiordi·

58 848 156 911 parim
182 836 271 895 etiarn
293 835 329 894 de
346 834 583 908 ostrogothorum
609 845 637 895 et
662 837 921 911 Langobardorum
961 846 1022 899 nati·
1040 843 1077 897 acl
1095 840 1301 913 predicandam
1322 841 1352 895 in
1377 838 1484 895 Gallias
1496 838 1576 893 arbai
1588 843 1662 909 suat,
1681 842 1736 897 etc.
1751 834 1818 899 Non

61 926 155 986 rebus
174 928 264 1001 gestis
286 933 395 995 narrat,
417 926 568 985 occasione
592 927 822 1001 expeditionum,
849 944 922 1003 quas
962 930 1060 1007 itaque
1073 929 1152 999 dicit,
1167 929 1294 1003 primum
1309 933 1427 996 turic,ut
1439 933 1523 985 antea
1533 910 1678 987 Sererua't
1688 923 1818 1001 ulpiciua

60 1030 146 1087 reges
162 1016 254 1075 nostri
268 1018 298 1073 in
311 1014 425 1073 Italiarn
438 1016 579 1073 adversus
597 1030 645 1074 eos
663 1031 825 1091 suscepere.
839 1018 923 1077 Unde
963 1020 1123 1093 scripserat,
1141 1017 1202 1075 risa
1225 1016 1315 1076 inisse
1334 1016 1366 1074 in
1382 1014 1486 1074 Galliis
1507 1015 1662 1087 martr'ria;
1688 1030 1748 1075 non
1760 1030 1817 1077 ax·
1849 1091 1853 1099 ¹

59 1108 152 1167 etiarn
179 1108 360 1167 occasionem
382 1106 490 1181 accepit
508 1107 543 1165 de
569 1108 790 1181 imperatoribus
815 1110 923 1169 Graecia
963 1109 1054 1167 cludit
1076 1107 1149 1165 alios
1164 1106 1244 1165 serbi
1257 1104 1351 1165 divini
1370 1119 1526 1178 praecones,
1549 1104 1601 1180 qui
1626 1110 1693 1163 ante
1707 1110 1819 1181 septem
1859 1124 1870 1135 ·

60 1193 238 1265 disserendi,
254 1194 305 1269 qui
322 1196 495 1254 titubantem
510 1195 636 1254 initalia
656 1212 738 1255 suain
755 1205 923 1270 potestatem
965 1198 1029 1258 illos
1048 1198 1197 1272 episcopos
1218 1192 1411 1267 Eraiigelium
1427 1193 1458 1251 in
1481 1191 1585 1252 Galliis
1605 1192 1817 1253 disseminare-

60 1284 278 1343 canlirmareac
292 1298 424 1361 reparare
438 1282 617 1342 Francorum
631 1282 743 1343 auxilio
756 1286 864 1359 saepius
879 1302 923 1345 oo
963 1290 1037 1357 rint;
1051 1302 1103 1346 nec
1126 1286 1246 1361 proinde
1272 1284 1328 1343 sibi
1354 1284 1410 1359 ipsi
1427 1281 1611 1353 contradixit,
1627 1296 1696 1341 cum
1711 1282 1819 1345 Eutro-

62 1372 123 1429 nati
143 1381 224 1432 sunt.
242 1372 318 1431 ilinc
332 1364 591 1445 ”variaelegationes
604 1388 619 1431 e
631 1371 741 1431 Graecia
757 1374 787 1432 in
802 1373 920 1446 Gallias,
963 1380 1046 1453 pinni
1066 1384 1192 1436 asancto
1212 1375 1358 1434 Clemente
1379 1376 1503 1434 missum
1525 1372 1616 1433 inisse
1639 1374 1671 1433 in
1694 1373 1820 1439 libiotla

62 1459 250 1519 etexGalliis
263 1460 294 1517 iii
308 1456 461 1529 Graeciam,
476 1458 712 1535 quasGregorius
727 1461 833 1535 passini
846 1478 923 1521 com·
964 1470 1061 1529 Gloria
1086 1468 1258 1543 Martyrum,
1278 1466 1371 1541 capite
1390 1466 1436 1535 ab,
1455 1464 1578 1539 scripsit.
1600 1464 1694 1524 Immo
1716 1470 1745 1525 et
1761 1462 1820 1525 abi

64 1556 216 1607 memorat.
237 1547 277 1605 Ea
296 1561 363 1622 quaa
378 1546 414 1605 de
431 1546 553 1619 Cbunis,
577 1546 755 1615 Sannitibus,
770 1548 921 1625 bajoariis,
963 1557 1019 1632 ipsi
1034 1562 1144 1616 constat
1164 1555 1200 1613 de
1214 1554 1274 1613 illis
1289 1562 1396 1627 septem
1411 1553 1552 1628 episcopis
1564 1552 1596 1611 iit
1611 1552 1687 1613 libro
1699 1551 1737 1613 de
1748 1550 1819 1615 ala·

64 1634 189 1711 aliisque
211 1636 376 1697 Germania
397 1636 512 1711 populis
531 1635 626 1709 babet,
643 1652 702 1696 non
720 1645 804 1697 uacat
822 1655 953 1733 recen-B
964 1648 1007 1707 ria
1019 1648 1223 1708 Confessorum
1237 1643 1376 1713 scribens,
1391 1642 1454 1715 ubi,
1468 1641 1561 1717 capite
1572 1642 1600 1712 i,
1612 1643 1757 1703 deaancto
1768 1640 1821 1707 Ga·

68 1742 139 1787 sere.
153 1728 234 1788 ridde
245 1729 333 1788 etiam
347 1728 462 1803 quaeda
477 1735 677 1787 extremorum
692 1734 853 1805 temporum
869 1732 924 1792 Ilo
963 1738 1043 1797 tiano
1057 1737 1105 1807 uit,
1122 1752 1228 1808 parma
1242 1735 1371 1791 Romanis
1382 1730 1525 1805 episcopis
1536 1734 1738 1803 bononisatum,
1751 1736 1818 1805 etc..
1886 1782 1892 1793 ,

72 1820 147 1878 mani
163 1820 192 1879 in
208 1819 360 1881 Occidente
370 1819 486 1894 imperii
497 1829 549 1879 aut
562 1822 694 1895 tyrannis
708 1826 758 1880 arrt
769 1821 922 1896 imperato·
963 1826 1154 1901 cognovimus
1170 1841 1177 1894 ;
1193 1822 1285 1898 capite
1308 1821 1353 1891 at,
1368 1822 1510 1878 dinarialis
1536 1823 1698 1879 allemanie
1717 1822 1820 1879 muna

76 1908 160 1984 ribus,
175 1909 220 1969 rel
237 1917 314 1969 certe
328 1910 364 1969 de
381 1911 548 1971 eorumdem
568 1910 683 1970 militiae
709 1913 862 1987 praelectis,
885 1930 923 1973 ex
964 1917 1097 1989 episcopis
1113 1934 1122 1982 ς
1138 1919 1166 1971 et
1178 1910 1270 1985 capite
1284 1910 1329 1976 30,
1346 1906 1537 1977 Stremonius,
1551 1915 1581 1966 et
1598 1906 1660 1983 ipse
1678 1924 1697 1965 a
1716 1910 1819 1967 Roaia-

80 1996 168 2059 (brasio
177 1997 300 2075 aliisque
309 2000 479 2059 auctoribus
494 2000 604 2072 retulit,
617 2000 726 2077 quibus
740 2008 768 2059 et
779 2001 924 2061 nonnulla
962 2008 1007 2062 nis
1025 2006 1159 2077 episcopis
1175 2018 1235 2058 cam
1251 2002 1369 2057 datiano
1383 2002 1409 2054 et
1422 1999 1548 2068 reliquis,
1568 2012 1636 2069 quas
1654 1998 1821 2059 mmraaie

84 2084 270 2159 intermiscuit,
284 2104 353 2163 quae
365 2093 416 2147 arit
428 2105 465 2147 ex
481 2089 635 2149 traditione
646 2097 805 2165 acceperat,
819 2100 871 2151 aut
884 2108 923 2150 ex
963 2109 1033 2159 mes,
1054 2098 1093 2149 cst
1116 2093 1246 2148 directus.
1264 2088 1323 2147 Nec
1346 2102 1492 2161 opponere
1510 2085 1595 2160 jurat
1612 2084 1819 2163 Saturninum,

88 2178 231 2237 auctoribus
255 2178 343 2237 modo
368 2177 485 2251 ignotis.
503 2178 582 2237 ldein
609 2179 675 2237 lecit
702 2179 733 2238 in
760 2180 924 2240 narratione
963 2184 1055 2256 capite
1069 2182 1105 2241 l8
1120 2179 1210 2239 librii
1232 2177 1267 2236 de
1291 2175 1389 2236 Gloria
1411 2174 1585 2249 Martyrum,
1600 2174 1710 2235 dictum
1728 2174 1821 2239 mbae

89 2282 202 2341 mamers
216 2266 337 2327 Eusebii
355 2268 417 2326 sive
432 2266 605 2341 Hieronymi
631 2266 774 2328 Glrronico
788 2276 816 2329 et
829 2271 923 2332 Orosii
964 2275 999 2330 ab
1011 2274 1205 2347 Apostolorum
1227 2269 1373 2340 discipulis
1389 2266 1568 2323 ordinatum:
1583 2279 1651 2325 cum
1666 2264 1821 2341 Apostolo-
1881 2284 1888 2293 ·

92 2360 186 2420 historia
200 2361 386 2436 potissimum
401 2360 589 2420 concinnavit
607 2360 642 2417 de
661 2360 698 2419 iis
710 2361 808 2429 rebus,
825 2376 923 2436 quiea
963 2379 1031 2423 rum
1043 2360 1202 2435 discipulos
1221 2356 1347 2435 potuerit
1358 2355 1503 2430 appellare
1517 2370 1577 2428 eos,
1592 2354 1645 2430 qui
1661 2356 1764 2417 Rome
1781 2356 1819 2417 tl·

93 2452 171 2509 mundi
190 2452 357 2510 conditione
372 2451 407 2509 ad
421 2450 564 2509 sacculum
577 2451 716 2524 quintum
728 2452 921 2527 contigerunt.
963 2453 1031 2513 dein
1045 2452 1082 2511 ab
1096 2449 1242 2527 Apostolis
1257 2446 1476 2508 disseminatam
1493 2444 1713 2520 profitebantur.
1729 2444 1821 2507 Sicci

95 2536 220 2601 lariorum
235 2542 390 2615 opiniones
405 2540 440 2600 dc
462 2542 550 2599 maris
564 2539 657 2600 Rubri
675 2542 799 2601 transitu
821 2557 922 2601 recen·
962 2547 998 2605 de
1019 2540 1126 2601 Ursino
1144 2538 1311 2607 biturigum
1328 2533 1458 2609 apostolo
1473 2532 1602 2609 loquitur
1616 2533 1709 2609 capite
1728 2532 1766 2595 80
1782 2530 1821 2595 ds

92 2630 155 2688 setin
173 2632 245 2691 libro
259 2645 269 2689 i
283 2630 442 2702 llisrorinr,
466 2632 558 2706 capite
575 2631 626 2697 10.
644 2632 693 2690 ubi
712 2640 740 2690 et
755 2634 922 2707 peregrinos
962 2634 1061 2696 Gloria
1087 2630 1301 2699 llonlessorum,
1323 2640 1410 2701 quem
1432 2632 1529 2684 tamen
1552 2630 1662 2699 septem
1674 2626 1821 2701 episcopo·

10 2710 13 2753 ²
93 2718 173 2789 balat,
185 2721 238 2795 qni
256 2718 430 2779 monasteria
443 2718 560 2794 iligrpti
571 2720 828 2793 perlustraverant.
844 2720 922 2781 Tum
963 2739 1029 2784 rum
1043 2718 1221 2792 discipulum
1235 2717 1324 2776 inisse
1337 2715 1435 2775 innuit
1450 2713 1525 2773 libro
1537 2726 1547 2771 i
1560 2712 1707 2783 literaria,
1726 2712 1821 2791 capita

92 2804 192 2883 loquitur
204 2811 242 2869 dc
257 2810 359 2885 priscis
382 2810 552 2870 nationibus
568 2824 574 2869 t
591 2815 633 2872 lte
647 2813 789 2869 videamur
803 2856 812 2878 ,
826 2811 923 2886 inquit
962 2813 1194 2887 aequaeuam
1220 2804 1358 2865 nonnulli
1375 2807 1510 2863 censeant
1526 2802 1576 2889 liic
1597 2802 1691 2863 alium
1711 2802 1750 2863 ab
1763 2802 1821 2865 [lr-

92 2898 158 2967 cipite
184 2896 225 2967 lb,
251 2902 333 2956 uatus
359 2906 466 2957 tautam
492 2901 611 2959 liebrea
639 2905 728 2971 peratis
756 2904 853 2959 trabae
877 2920 923 2959 aa·
963 2901 1028 2959 sirio
1050 2896 1209 2971 designari,
1224 2893 1413 2955 Senicianum
1426 2891 1544 2961 scilicet,
1566 2890 1618 2967 qui
1632 2890 1821 2955 secuudualit

95 2982 169 3051 titan,
183 2987 292 3057 reliqna
306 2991 465 3058 regregata.
481 2987 640 3046 llirumerat
651 2991 839 3062 antiquarum
850 3003 922 3061 gen·
965 2987 1193 3061 biturigensium
1212 2985 1412 3059 episcoporum
1430 2981 1559 3053 catalogo
1581 2984 1759 3043 recensetur.
1782 2978 1821 3043 Et

10 3148 12 3161 Ι
96 3066 148 3129 bun
157 3088 246 3147 reges,
266 3074 318 3148 qui
340 3080 408 3132 ante
431 3074 536 3133 Gliristi
555 3074 712 3135 adrentum
728 3074 919 3150 imperarunt.
964 3079 1082 3156 quidem
1107 3077 1263 3149 Gregorius
1286 3076 1347 3134 loco
1362 3074 1478 3135 laudato
1491 3074 1533 3133 ait
1545 3080 1609 3149 post
1623 3073 1724 3135 Ursini
1739 3088 1820 3135 mor-

96 3154 269 3222 laalolusius
287 3163 409 3237 exponit
424 3179 459 3223 ea
478 3179 544 3237 quae
567 3170 631 3238 post
656 3163 803 3224 Gliristum
819 3171 921 3223 natum
963 3177 1021 3230 teni
1052 3168 1239 3227 elrristiannm
1267 3164 1354 3223 iidem
1378 3164 1458 3240 apud
1485 3164 1628 3238 Bituriges
1652 3164 1817 3227 deiecisse:
1841 3224 1865 3235 ,,

10 3306 13 3317 ,
95 3252 252 3325 contigerunt
276 3276 283 3311 :
307 3254 522 3327 persecutiones
540 3254 680 3314 adversus
696 3255 855 3315 Ecclesiam
873 3272 920 3315 re·
963 3260 1040 3337 quod
1054 3265 1116 3334 post
1130 3255 1600 3333 septemepiscoporumdiscipuli
1615 3254 1819 3317 mortemtlai'i

95 3354 172 3415 esset,
196 3343 398 3419 nonnullaque
411 3346 447 3404 de
461 3346 622 3406 Galliarum
636 3355 712 3407 statu
731 3348 828 3419 babet,
842 3348 921 3409 unde
963 3349 1015 3407 rix
1030 3346 1130 3423 potuit,
1155 3345 1306 3403 desinente
1322 3344 1405 3403 tertio
1428 3342 1545 3402 saeculo.
1563 3341 1593 3402 Si
1612 3340 1733 3419 quidem
1753 3342 1819 3419 ipse

10 3426 13 3449 '
93 3430 920 3514 lisinusquaelucrintEcclesireinliispartibusprimoi·
962 3437 1119 3511 Gregorius
1137 3436 1216 3494 testis
1235 3443 1289 3508 est,
1314 3438 1385 3493 trinc
1408 3433 1545 3510 temporis
1569 3433 1729 3494 Ecclesiam
1745 3436 1818 3495 miro

92 3518 186 3595 lia,ant
204 3525 307 3585 saltern
324 3542 392 3603 quai
408 3533 478 3587 tunc
492 3528 662 3603 invaluerit,
678 3544 747 3587 cum
763 3529 919 3604 Gregorius
961 3547 1040 3603 opere
1059 3531 1235 3601 compositam
1258 3525 1429 3585 alldelibus
1452 3524 1531 3585 cain
1550 3525 1624 3584 urbe
1641 3524 1827 3587 edideram
1860 3550 1867 3561 ·

11 3676 13 3687 ,
92 3616 184 3685 niret,
198 3634 231 3677 ea
245 3618 282 3677 de
295 3636 327 3678 re
345 3619 455 3693 opinio.
962 3620 1061 3679 luisse.
1076 3617 1217 3677 Caeterum
1235 3616 1391 3691 Gregorius
1412 3616 1448 3675 de
1471 3614 1596 3675 aliorum
1613 3630 1732 3691 quoque
1748 3630 1818 3677 sin·
1874 3612 1880 3619 '

11 3694 13 3701 ’
115 3704 296 3768 ilb'orrnulli
314 3724 352 3766 ex
373 3708 437 3782 eius
456 3708 570 3783 scriptis
592 3709 793 3786 inlerriposse
815 3715 920 3784 putant
961 3715 1073 3768 ctorem
1096 3707 1246 3767 miraculis
1260 3708 1367 3781 passiin
1385 3704 1510 3780 scripsit,
1526 3710 1559 3763 ut
1572 3704 1608 3765 de
1623 3704 1819 3769 Timotbeoei

11 3778 14 3823 ³
92 3792 207 3869 duplicem
222 3806 291 3856 tunc
306 3796 337 3855 in
351 3796 453 3857 Galliis
468 3796 558 3856 luisse
573 3798 758 3857 traditionem
771 3800 920 3875 deprimis
960 3798 1124 3873 Apollinari
1142 3797 1205 3857 ltlra
1219 3797 1367 3867 rensibus,
1381 3796 1518 3856 blemmio
1531 3796 1746 3869 usurasnenst,
1762 3796 1819 3859 Va-

92 3880 368 3948 brelesireGallicanae
383 3887 529 3961 apostolis,
545 3889 733 3963 quorumalii
750 3890 920 3951 missionem
960 3889 1032 3947 lerio
1058 3886 1300 3957 Conserunirrnsi,
1327 3886 1439 3961 alisque
1465 3884 1641 3945 nonnullis:
1671 3892 1702 3945 at
1725 3884 1818 3949 tacuit

90 3970 239 4047 tdiproiuiii
264 3976 469 4051 Apostolorum
489 3985 604 4037 aetatem
625 3994 759 4036 revocare
776 3995 919 4038 conaren·
959 3994 1061 4038 eorum
1076 3978 1237 4037 missiones.
1253 3976 1330 4050 qaod
1346 3976 1420 4036 niliil
1435 3975 1472 4034 da
1485 3975 1815 4053 illisutconjioereaat,

91 4060 195 4133 tur;alii
209 4083 279 4127 xero
292 4066 327 4125 ad
345 4066 435 4138 Decii,
448 4074 498 4127 aut
512 4075 588 4127 certe
611 4068 698 4127 blarci
713 4068 827 4127 Aurelii
843 4076 917 4128 tem·
957 4077 1137 4146 compertum
1156 4069 1283 4128 liaberet.

90 4156 231 4227 para.0uiii
246 4164 274 4215 et
301 4155 475 4231 Gregorium
500 4158 578 4234 quod
606 4174 665 4218 non
686 4158 756 4217 satis
777 4174 810 4218 ea
831 4158 861 4216 iri
886 4174 918 4217 re
994 4160 1040 4219 aa.
1066 4160 1154 4218 Porro
1178 4158 1229 4217 ea-i
1246 4174 1280 4217 ea
1302 4173 1368 4233 quaa
1392 4155 1556 4223 retulimus,
1578 4155 1648 4215 satia
1671 4170 1817 4233 superque

89 4236 287 4304 sibiconstitcrit
300 4250 446 4313 arcuerit,
460 4246 568 4319 quippe
581 4245 633 4321 qui
648 4246 773 4319 priorcrii
798 4255 916 4305 scaten-
959 4250 1104 4310 sufficiant
1127 4248 1161 4307 ad
1185 4246 1427 4321 comprobandam
1443 4246 1573 4320 Gregorii
1587 4260 1710 4323 operum
1731 4244 1815 4307 utili·

89 4330 177 4392 tiamiri
190 4334 397 4394 iliraculoruin
420 4335 512 4405 libris,
537 4336 723 4411 posteriorem
737 4336 769 4396 iri
790 4336 1057 4421 ilistoriantatem,
1072 4355 1140 4398 cuni
1157 4346 1253 4399 tamen
1275 4338 1404 4414 quidam,
1421 4337 1508 4397 etiam
1523 4336 1630 4396 eruditi
1654 4336 1722 4407 riri,
1738 4350 1814 4397 non·

88 4422 214 4496 amplexus
229 4425 275 4484 sit.
294 4424 402 4484 l‘crurn
419 4424 484 4485 licct
498 4427 550 4485 lias
569 4430 757 4502 ‹quaestiorres
776 4443 843 4502 quae
861 4434 919 4487 tam
960 4430 1043 4492 nulla
1057 4430 1086 4488 in
1101 4430 1147 4489 liis
1162 4428 1372 4504 reprelieirrlcrc
1390 4428 1500 4487 soleant
1517 4445 1525 4497 3
1540 4442 1574 4483 ea
1593 4424 1693 4499 paucis
1713 4424 1815 4487 diea-

86 4512 166 4573 aciitar
182 4514 286 4573 nostris
308 4514 486 4587 temporibus
511 4516 626 4589 agriuitae
652 4518 771 4576 luerunt
794 4516 830 4576 de
850 4532 918 4575 san·
959 4530 1018 4582 tero
1033 4523 1129 4581 risurn
1145 4526 1197 4591 est,
1213 4528 1245 4579 ut
1262 4524 1356 4593 patrat
1370 4516 1419 4576 illa
1433 4530 1563 4576 noncsse
1575 4514 1647 4573 tanti
1662 4514 1813 4591 momenti,

85 4604 173 4662 ctrmm
187 4602 386 4674 missionibus,
407 4610 562 4663 retractare
584 4604 705 4664 aiiirnus
724 4622 782 4665 iion
807 4607 855 4677 sit,
876 4610 920 4664 ut·
959 4628 1026 4688 quae
1040 4618 1099 4669 tani
1113 4608 1215 4669 eximii
1228 4606 1491 4666 iiriauctoritatenr
1504 4604 1619 4663 elevare
1629 4603 1754 4673 valeam
1763 4608 1816 4667 aut

85 4696 210 4768 pateqrias
224 4702 308 4753 extra
333 4701 465 4752 nostrnni
481 4693 650 4753 institutum
666 4710 728 4753 csse
741 4710 916 4768 censemus;
958 4700 1022 4775 pios
1048 4714 1082 4757 ac
1108 4696 1237 4756 eruditos
1258 4694 1378 4753 lectores
1399 4693 1436 4752 ab
1454 4694 1518 4768 ejus
1540 4708 1663 4769 operum
1690 4694 1815 4755 lectione

85 4776 201 4843 idunan
216 4784 362 4844 alliimare
375 4786 482 4858 ausim,
493 4800 638 4860 nusquarri
651 4802 719 4846 cum
734 4804 796 4847 sese
808 4788 844 4847 de
854 4786 917 4846 istis
957 4803 1088 4849 avocare.
1105 4786 1176 4845 llaec
1189 4790 1258 4845 suat
1271 4801 1338 4860 quae
1352 4783 1491 4859 Gregorio
1513 4785 1700 4861 exprobrant.
1722 4784 1813 4847 illum

84 4872 250 4939 missionibus
260 4879 407 4939 scribendi
419 4879 525 4939 obtulit
535 4880 656 4951 occasio,
673 4882 844 4953 Gregorium
860 4879 917 4939 sibi
957 4882 1040 4941 aiunt
1059 4879 1134 4955 stylo
1159 4878 1197 4937 ita
1212 4877 1318 4937 rustico
1340 4877 1499 4951 scripsisse,
1521 4884 1554 4937 ut
1567 4877 1678 4952 absque
1696 4876 1814 4939 lastidlo

82 4969 409 5040 conteriuinexstitisse3
428 4968 547 5045 lallique
569 4985 619 5029 eos
645 4970 697 5047 qui
712 4970 797 5029 illurn
813 4972 916 5031 existi·
957 4975 1010 5033 rix
1028 4972 1083 5047 legi
1101 4972 1208 5047 possit;
1223 4972 1385 5046 apocrypha
1412 4978 1543 5031 aeterum
1566 4970 1671 5044 scripta
1691 4969 1730 5030 ab
1750 4968 1814 5047 ipso

83 5066 145 5115 rarat
156 5068 190 5117 rta
204 5060 240 5119 de
253 5059 429 5135 ‚tiara-ribus
446 5061 705 5133 Lugdunensibus,
725 5069 775 5121 aut
793 5062 829 5121 da
850 5078 916 5137 sep·
957 5076 1169 5138 nonnunquam
1184 5062 1273 5121 luisse
1285 5061 1513 5131 laudata3inimo
1526 5058 1689 5120 nouaclum
1700 5056 1812 5119 incerta

82 5148 125 5201 tiri
145 5148 293 5223 episcopis,
318 5163 392 5221 quos
412 5148 467 5209 sub
489 5149 575 5210 becio
602 5150 772 5211 ailreiitasse
790 5151 914 5225 scripsit,
956 5168 1008 5228 pro
1021 5152 1116 5223 certis,
1130 5149 1221 5209 sedet
1238 5151 1308 5209 lalsa
1323 5147 1646 5209 abeodatainterdum
1656 5144 1813 5221 iuissepro
1875 5138 1895 5157 ‘

82 5230 187 5299 lentam
201 5241 311 5309 luisse,
329 5247 361 5299 ut
376 5248 446 5298 ante
461 5239 526 5300 illos
538 5249 588 5300 aut
603 5250 753 5318 inartrrea
778 5250 830 5301 arit
843 5241 916 5301 alios
958 5243 1043 5314 reiis,
1067 5256 1193 5317 cunique
1215 5242 1244 5299 in
1269 5240 1380 5314 aliquot
1395 5256 1507 5301 errores
1528 5234 1704 5312 impegisser
1725 5233 1811 5297 deni·

81 5326 143 5387 ierbi
156 5330 249 5391 dirini
264 5346 420 5404 praecones,
435 5332 466 5391 in
487 5329 595 5391 Gallias
615 5332 768 5393 advenisse
790 5348 915 5405 negare·
956 5349 1013 5409 que
1028 5340 1115 5393 tantae
1130 5332 1218 5393 luisse
1230 5330 1421 5406 simplicitatis
1433 5335 1461 5387 et
1477 5326 1665 5399 crerlulitatis,
1679 5330 1713 5387 rit
1725 5340 1810 5403 quat-

81 5417 117 5481 rit
129 5424 184 5487 b'an
204 5428 295 5500 enini,
310 5436 342 5489 at
355 5428 426 5487 scita
447 5426 611 5487 observarit
635 5442 761 5487 summae
775 5428 915 5489 eruditio·
956 5424 1003 5483 ris
1024 5423 1189 5499 promiscua
1207 5420 1281 5481 lacta
1302 5435 1354 5497 pro
1377 5416 1526 5479 miraculis
1544 5416 1673 5477 baberet.
1689 5416 1728 5477 At
1740 5414 1809 5493 styli

80 5515 298 5579 matitunales
314 5518 496 5590 Sirmoridns,
514 5516 544 5577 iri
556 5518 610 5577 liec
624 5517 727 5577 naresi
744 5518 798 5577 luit
812 5518 917 5593 Gisgo
957 5512 1102 5574 rusticitas
1117 5529 1176 5573 nori
1199 5510 1340 5584 Gregorii,
1356 5508 1407 5568 scd
1420 5506 1484 5583 ejus
1506 5508 1601 5567 estatis
1615 5506 1721 5569 uitium
1740 5502 1808 5567 tait.
