3794 6128
168 321 217 380 Μ
615 320 774 378 tristante
796 318 1017 376 reascendit.
1039 309 1138 374 atelle
1158 315 1335 376 seelttttis.
1747 312 1800 374 ild

167 438 275 495 basilice
288 437 317 495 ie
330 437 409 494 initio
432 439 519 496 accde
530 440 660 494 cretionis
675 440 757 508 gratia
770 436 953 507 psalleremus,
969 436 995 496 A
1010 434 1131 488 urnoren
1148 432 1251 488 iustruit.
1268 434 1332 488 narra
1356 421 1418 489 dom
1434 442 1508 489 esset
1533 435 1561 492 ln
1574 432 1712 499 libertate,
1736 432 1797 503 ciprii

166 528 326 587 lsribuudus
343 530 503 601 ingreditur,
528 546 624 599 rneqne
642 530 770 585 conuiciis
792 543 825 585 ac
847 527 968 584 rualedi-¹
1008 526 1067 593 ejus
1089 539 1120 580 ac
1134 540 1231 594 perora
1252 541 1299 594 per
1312 534 1417 596 segetes
1437 541 1580 595 pauperum
1595 527 1741 597 vineasque
1755 526 1795 581 di·

165 617 300 677 ctionibus
312 636 410 692 urgere
422 623 514 692 coepit,
528 622 592 677 illud
606 602 768 691 interjurgis
777 619 957 689 exprobrans,
1007 615 1193 672 mittebantur.
1217 617 1292 684 Quod
1315 619 1338 674 si
1364 619 1564 688 expellebantur
1577 619 1612 676 ab
1627 619 1668 674 iris
1680 635 1794 691 querunt

164 713 235 784 qued
248 727 301 784 equ
314 729 375 768 euru
386 713 493 769 celiane
512 711 599 768 saecu
613 712 740 768 aritistitis
756 711 870 767 fimbriis
881 724 958 780 repa·
1007 710 1163 766 evertebant
1186 711 1310 776 labores,
1340 712 1430 768 statim
1451 727 1467 767 a
1491 712 1547 769 sois
1570 713 1796 782 percellebantur.

164 818 234 861 rare.
257 803 312 861 sec
333 818 383 875 eqo
397 816 509 874 stupens
522 819 582 875 quae
595 805 681 859 siraur
707 804 823 874 cepisset
843 802 956 871 inssnb,
1007 801 1073 859 iiam
1091 804 1119 859 ie
1132 805 1181 861 bac
1195 805 1314 876 aequae
1326 822 1378 878 qus
1387 815 1456 874 erat,
1469 823 1540 878 supe
1555 810 1793 871 conruemorabat,

163 893 270 952 blandis
285 909 349 952 earn
372 895 542 952 serrrrouibus
554 896 674 952 mulcere
687 903 800 950 conatus
816 907 887 948 ιιιιιι.
903 892 957 950 Sed
1007 896 1078 965 quod
1091 897 1354 955 reslreatiaetietitis
1368 899 1521 956 absurlissrt
1541 898 1649 969 injuste.
1675 902 1796 972 lienique

163 1001 225 1043 esra
236 987 296 1058 eiras
310 985 392 1042 leriae
407 987 496 1043 uerbis
510 986 615 1045 lenibus
632 1001 760 1055 superare
770 1000 824 1042 rann
839 999 956 1055 possent,
1007 999 1077 1040 auno
1092 987 1230 1054 superiore
1240 999 1403 1043 comruotnnr
1415 987 1428 1026 ἃ
1440 989 1580 1062 quiensdarn
1596 991 1679 1047 ierem
1694 1007 1709 1048 e
1727 994 1795 1048 ciri·
1870 1006 1874 1012 ·

162 1079 246 1136 silere
259 1078 377 1135 daeeri.
402 1077 449 1134 ille
466 1093 529 1133 cero
548 1092 593 1133 ure
617 1086 726 1132 tactura
748 1074 900 1142 intendens,
921 1073 957 1130 ad
1006 1072 1057 1129 bus
1071 1074 1194 1132 ereteua
1205 1092 1310 1135 actores
1321 1078 1384 1134 lecit
1402 1080 1585 1148 interpellare.
1602 1081 1677 1137 Tunc
1687 1095 1797 1152 postque·

164 1169 351 1240 presbyteratu
366 1178 380 1206 ⁸
397 1167 574 1232 misceretur,
587 1166 740 1235 evomitque
753 1166 779 1220 in
794 1179 856 1222 euin
872 1163 956 1221 multa
1006 1164 1797 1245 straJosriua,1-es,quasettnecetesiapossidebn,sue
1850 1214 1853 1219 -

164 1259 299 1326 maelein
326 1274 389 1316 naas
414 1267 442 1316 et
461 1257 536 1315 iilum
552 1257 642 1312 verbis
667 1255 836 1328 procacibus,
863 1261 891 1311 ct
913 1268 958 1312 rue
1006 1257 1097 1327 speeie
1106 1258 1251 1329 empaiarris
1265 1260 1408 1329 abstraxit,
1437 1263 1499 1320 data
1525 1265 1575 1335 ipsi
1601 1264 1704 1324 bomini
1722 1279 1797 1337 parre

163 1351 281 1408 dirersis
288 1351 446 1421 opprobriis
457 1350 641 1422 irneuqnebat.
656 1349 711 1406 llas
725 1363 788 1409 uere
800 1362 861 1405 cunt
876 1345 958 1403 riuis·
1006 1361 1086 1405 auree
1111 1349 1190 1405 baltei
1215 1350 1266 1411 sui.
1283 1351 1335 1407 Sed
1351 1352 1404 1425 [lt.
1421 1351 1488 1426 lutee]
1509 1364 1539 1411 et
1553 1355 1615 1413 talia
1639 1357 1722 1413 multa
1737 1374 1796 1432 pop·

164 1455 255 1498 seusus
268 1458 341 1509 curri,
358 1451 387 1497 ut
409 1441 443 1497 ita
458 1440 556 1507 iliram,
571 1442 612 1511 aqi
627 1454 643 1495 a
667 1439 804 1504 demone,
824 1437 924 1509 egressi
939 1450 956 1495 a
1007 1452 1086 1496 uerte
1096 1441 1149 1510 egit
1159 1437 1287 1510 usquead
1299 1442 1379 1499 linem
1392 1445 1456 1502 rite
1469 1461 1534 1513 sur,
1547 1461 1626 1518 quern
1639 1457 1653 1487 ⁰
1665 1449 1694 1507 in
1707 1457 1796 1520 poste·

163 1531 273 1589 basilice
287 1544 379 1588 saneta
394 1532 550 1590 eanduton
562 1533 718 1602 agilesque
729 1531 877 1597 inivimus,
890 1528 956 1587 iliud
1005 1543 1065 1586 rure
1077 1531 1293 1600 explanabimus.

162 1625 280 1681 nauare
291 1624 427 1695 tauiqnunr
442 1624 571 1689 ierentes,
587 1623 657 1694 qued
671 1624 722 1679 boc
736 1621 750 1662 l
762 1622 881 1691 iurgium
892 1620 956 1678 abs·
1041 1620 1137 1678 xxttt.
1158 1623 1285 1680 Praesenti
1301 1623 1311 1665 ῐ
1332 1640 1439 1696 quoqne
1459 1642 1531 1690 anso
1549 1629 1733 1687 ermentarius
1747 1629 1795 1687 iu.

166 1728 220 1784 que
240 1715 392 1775 reverentia
410 1716 509 1782 nard,
531 1725 595 1772 ante
614 1714 701 1783 ipsura
719 1713 870 1782 sepulcrum
884 1713 940 1768 arrii
1005 1709 1151 1768 deuscurn
1166 1728 1219 1771 uuo
1231 1724 1313 1771 secte
1325 1729 1380 1773 succ
1391 1718 1543 1777 sarebireet
1554 1719 1795 1778 duobusctnisrta-

161 1806 231 1862 stitis
240 1807 419 1873 excitarent.
430 1804 479 1863 iiis
490 1805 646 1862 diebusvidi
659 1805 807 1871 seruolum,
820 1805 890 1876 quod
903 1804 954 1872 ipsi
970 1794 992 1854 lt
1008 1801 1058 1867 riis,
1083 1803 1115 1858 ad
1128 1804 1275 1874 erigendas
1291 1809 1440 1877 cantiones,
1453 1825 1521 1880 quas
1535 1811 1560 1868 ei
1576 1824 1685 1882 prepter
1698 1815 1796 1871 tributa

162 1896 300 1953 {nupera
310 1897 418 1955 essina
439 1896 802 1963 peruti‚dtcpns:1³urapqm
822 1912 866 1953 me
880 1899 955 1967 quasi
1008 1890 1112 1958 publica
1128 1891 1275 1963 injuriosus
1294 1911 1325 1952 cs
1341 1897 1452 1967 vicario,
1467 1916 1499 1955 ex
1512 1904 1611 1959 consite
1624 1919 1690 1961 uero
1704 1905 1794 1963 liutto·

145 1986 255 2044 'iubac
270 1988 379 2046 basilica
397 1996 570 2046 ucronncta
585 1988 725 2045 blissaruru
739 1988 869 2045 solemnia
883 1988 956 2043 cele·
1007 1983 1076 2039 tuitus
1089 1983 1280 2054 deposuerant,
1299 1987 1413 2045 Turonis
1426 1990 1795 2069 aduenit:interpellatisque

162 2075 251 2134 brsrs.
262 2077 449 2150 saumquojaur
459 2077 582 2137 altarium
594 2095 654 2137 cuer
665 2079 843 2143 oblationibus
854 2080 954 2148 pallios
1006 2073 1081 2141 uiris,
1102 2075 1307 2144 prerrrissiouenr
1320 2079 1420 2155 accepit
1434 2081 1467 2137 de
1478 2080 1704 2154 Moreddeudo
1714 2102 1795 2159 pecu·
1849 2107 1852 2112 ·

162 2172 418 2242 uricocoopertrun
439 2183 522 2242 esset,
551 2172 641 2232 subito
663 2171 856 2242 ingredientem
870 2170 955 2228 Guut·
1006 2163 1060 2220 uiae
1080 2164 1186 2223 lueuore
1203 2180 1266 2223 euru
1294 2171 1392 2239 usuris,
1417 2169 1569 2230 dicentibus
1591 2174 1643 2233 sibi
1667 2188 1795 2246 pretores

160 2266 320 2322 ebrannuru
333 2280 426 2334 reqem
438 2267 588 2337 ωιιιιιιο,
603 2265 650 2336 qul
664 2280 729 2323 raes
746 2265 955 2337 magnamma-
1007 2255 1072 2326 ipsis
1085 2257 1181 2333 asiai
1196 2259 1306 2316 domurn
1323 2271 1441 2319 recurant
1455 2266 1571 2332 ueneris,
1582 2275 1610 2323 et
1621 2284 1680 2337 quae
1693 2269 1795 2327 debea-

161 2353 224 2412 tqqg
238 2355 383 2413 mmmm
396 2357 535 2417 ippum
549 2357 732 2428 geppmuppqs
744 2367 863 2426 poppa,
879 2359 954 2415 μοι.
1006 2355 1050 2404 tur
1062 2349 1240 2419 ertoiriusus,
1254 2358 1282 2409 et
1294 2352 1357 2408 aliis
1367 2355 1569 2426 temaneribus,
1597 2359 1667 2414 sicot
1687 2359 1795 2434 dignuin

161 2443 207 2505 lite
217 2445 323 2504 bornici
332 2452 385 2504 laur
404 2462 421 2503 a
442 2462 522 2504 mero
535 2448 584 2504 ilci
597 2448 702 2505 altario.
714 2451 749 2504 At
761 2463 811 2520 eqo
821 2463 882 2507 conr
898 2448 956 2511 baec
1005 2449 1058 2509 etl.
1072 2441 1245 2500 berennus
1258 2442 1298 2500 Eo
1311 2459 1418 2515 quoque
1431 2455 1520 2512 eune,
1536 2447 1570 2504 ab
1585 2448 1717 2521 iniurioso
1737 2467 1795 2510 rus·

155 2540 296 2606 audirem,
307 2539 342 2594 sd
356 2547 383 2595 te
399 2540 614 2597 conversusdiri
631 2557 639 2596 :
656 2540 833 2611 nppreberce
847 2540 954 2612 pallium
1004 2533 1120 2603 cipitur,
1144 2546 1170 2591 st
1197 2535 1320 2593 coavivio
1346 2536 1507 2605 collocatur;
1523 2541 1683 2615 expletoque
1706 2546 1796 2617 epula,

155 2628 264 2696 ritarb,
291 2629 394 2695 iniciis.
420 2644 563 2701 quosscrs
576 2646 689 2689 munera
712 2640 955 2703 mauronianus
1006 2627 1239 2698 appropinquante
1259 2637 1351 2695 nocte,
1378 2632 1507 2688 commoti
1522 2634 1556 2689 ab
1570 2635 1666 2693 eodem
1689 2634 1749 2694 loco
1762 2639 1796 2696 ad

148 2718 224 2778 binc
235 2721 383 2792 slsizciaris.
398 2723 519 2794 Cumque
531 2726 757 2796 apprehenderes,
768 2725 878 2783 laxabas
891 2740 953 2784 curu
1005 2720 1087 2777 sitan
1104 2729 1254 2782 caueant.
1263 2722 1349 2789 Tunc,
1366 2734 1392 2780 ut
1404 2723 1505 2793 tenna,
1518 2724 1604 2784 tudaet
1616 2743 1677 2785 cum
1691 2730 1796 2791 duobus

145 2825 253 2878 mrsu,
266 2823 294 2869 et
306 2829 360 2871 nou
371 2814 481 2872 uiriliter
496 2816 645 2874 detinebas.
662 2817 721 2888 Ego
740 2831 806 2873 rere
825 2817 954 2886 expansis
1005 2809 1165 2868 Claristianis
1178 2811 1213 2869 ab
1225 2810 1350 2882 itriuriosi
1362 2811 1516 2873 breuibus
1535 2816 1679 2888 interiecti,
1705 2819 1731 2877 in
1746 2837 1795 2892 pu·

143 2905 301 2973 marsuas,
316 2914 410 2962 anaba
425 2917 518 2977 pectus
530 2909 602 2978 regis
613 2921 700 2963 ttteurn
713 2917 803 2976 pectus
817 2907 952 2976 aptabam,
1005 2911 1090 2968 ιιιιιιι,
1105 2902 1150 2974 qui
1164 2903 1329 2973 propinquus
1343 2915 1402 2962 erat
1415 2905 1506 2962 ἀοιιιιιί
1518 2906 1588 2976 ejus,
1600 2909 1712 2980 projecti
1722 2921 1795 2972 siret.

132 2996 256 3057 licens
267 3015 276 3053 r
286 2997 348 3055 Noli
358 2998 458 3071 ejicere
468 2998 681 3056 bourbonriuoua
690 2998 952 3070 debusiiicaeancts,
1005 2992 1111 3050 Auditis
1124 2993 1164 3050 bis
1179 3005 1305 3064 parentes
1316 3011 1408 3054 eoruru
1420 3013 1480 3068 quse
1493 3009 1566 3070 qesta
1582 3000 1697 3072 lucrant,
1709 3004 1795 3062 Turo-

131 3091 192 3151 ἰο
216 3091 284 3154 rice
304 3092 452 3163 periculum
478 3092 598 3162 patiaris,
624 3107 658 3148 oe
684 3073 829 3148 tesanctus
841 3091 954 3148 antistes
1006 3086 1049 3142 nis
1062 3086 1240 3156 advenerunt,
1256 3089 1373 3158 datoque
1384 3090 1543 3160 qubusdam
1559 3093 1712 3152 bominibus
1726 3096 1794 3154 indi·

133 3182 248 3256 ΜΟ
270 3197 319 3239 sus
342 3182 597 3241 uirtutecouiodiat.
621 3182 680 3238 lioli
697 3193 723 3238 te
736 3182 845 3254 proprio
863 3181 953 3252 jaculo
966 3155 992 3222 C
1007 3180 1049 3235 cio
1064 3178 1333 3251 puteumreperiuet,
1355 3181 1481 3254 uirosque
1501 3185 1656 3254 extrabant,
1680 3189 1795 3247 multum

121 3274 322 3332 metuere
336 3289 344 3329 c
359 3273 422 3344 quia
434 3273 523 3331 bocci
536 3271 641 3340 leceris,
667 3273 791 3342 presenti
806 3275 859 3329 rita
874 3280 955 3330 eter-
1006 3279 1123 3340 usqaute
1135 3267 1276 3351 iniurioso,
1303 3269 1374 3341 qued
1388 3271 1416 3329 in
1437 3272 1487 3331 bac
1496 3288 1577 3332 causa
1591 3292 1644 3334 non
1656 3275 1744 3336 iuerat
1756 3281 1795 3337 in·

120 3383 253 3440 -oaquc
263 3366 379 3424 ente.
393 3367 448 3424 Sed
461 3371 523 3423 euru
536 3382 583 3424 rer
596 3365 664 3423 mibi
678 3367 826 3434 resisteret,
843 3373 870 3422 tu
880 3366 956 3421 lara·
1006 3362 1141 3433 quinales.
1159 3362 1322 3442 Postbec'ur
1341 3362 1469 3434 iudicium
1485 3365 1571 3434 renit3
1584 3368 1704 3425 seticum
1718 3369 1795 3428 lorti·

122 3458 210 3520 M
223 3460 345 3532 flium,
374 3471 402 3516 et
421 3469 482 3529 posi
504 3475 549 3518 me
572 3459 710 3517 veniebas,
733 3459 789 3532 Ege
803 3460 956 3519 vereveide
1007 3461 1048 3508 iet·
1063 3461 1095 3521 Β,
1112 3452 1281 3519 uidixitnbs,
1296 3453 1451 3526 denegaret,
1475 3466 1503 3514 ei
1528 3456 1555 3515 bi
1584 3471 1638 3514 nott
1667 3459 1794 3518 baberent

136 3554 210 3613 tibi
223 3554 355 3611 molestus
365 3568 450 3610 erana.
471 3554 591 3624 Cumque
603 3563 753 3611 reverteres
764 3552 798 3609 ed
817 3552 953 3625 altarium,
1006 3544 1122 3617 qualiter
1135 3559 1196 3602 eum
1212 3547 1371 3605 convincere
1381 3556 1500 3619 possent,
1512 3548 1659 3620 judicatum
1672 3559 1714 3607 est
1728 3563 1756 3606 ut
1765 3566 1795 3610 se

136 3645 383 3718 apprebcndcbas
393 3646 513 3716 pallium,
523 3646 682 3704 sedrursuuu
694 3645 874 3718 relinquebas.
885 3647 955 3705 liuta
1006 3636 1141 3695 ῑϋὸθηῑθω
1165 3639 1290 3696 redderet
1312 3649 1492 3698 declamem-
1526 3641 1580 3699 Sed
1606 3657 1657 3698 nec
1682 3642 1732 3700 hcc
1755 3644 1795 3706 b'tt

150 3735 216 3795 boc
229 3743 259 3793 lu
273 3736 362 3806 epidc
376 3739 516 3804 retineres,
536 3745 564 3794 ct
582 3748 632 3807 eqo
646 3736 757 3793 ririliter
774 3737 831 3808 regi
844 3739 955 3794 resiste·
1006 3729 1250 3801 acquiescentibus,
1275 3729 1401 3800 placitum
1424 3731 1450 3787 in
1466 3731 1536 3802 regis
1551 3730 1716 3790 childeberti
1734 3751 1796 3802 qne

126 3870 135 3875 -
150 3843 233 3896 m,
245 3828 369 3901 evigilari
384 3844 481 3899 parere
494 3830 666 3894 conterritus,
680 3829 788 3901 ignarus
799 3828 865 3899 quid
883 3845 956 3887 sum·
1006 3820 1092 3878 wilfi·
1106 3828 1262 3892 Ρῡῦΰθΐωὶῑ·
1277 3819 1466 3877 Vefffl‘ifflffl
1480 3836 1566 3892 nelle
1575 3822 1696 3892 perone,
1710 3839 1796 3894 titilus

149 3920 238 3977 niue
250 3918 390 3977 iudicaret.
419 3917 499 3989 tqirn
521 3934 580 3974 cuer
603 3921 629 3973 ei
642 3919 692 3974 ista
714 3933 877 3986 narrassem,
893 3919 952 3977 ait:
1006 3913 1145 3969 cautiones
1155 3910 1241 3969 iudei
1256 3910 1376 3968 defuncti
1389 3919 1505 3982 reperte
1516 3922 1589 3970 suut.
1604 3913 1797 3984 Loquebantnr

155 4011 266 4069 Vm
279 4020 322 4068 est
334 4010 467 4067 musseium
482 4010 552 4081 qnod
565 4011 666 4079 videsis,
681 4011 752 4082 qued
767 4011 843 4067 ratde
857 4011 956 4083 oegiu.
1008 4012 1070 4058 tunc
1084 4002 1161 4057 multi
1176 4001 1313 4057 bominurn
1340 3999 1494 4058 bledardurn
1517 4005 1653 4060 tribunum
1668 4004 1679 4042 ¹¹
1695 4008 1721 4062 in
1745 4008 1796 4064 noc

144 4104 233 4160 teor
245 4117 313 4162 mse
326 4102 482 4160 enerues.
497 4103 546 4159 cor
561 4118 635 4176 ega:
655 4102 757 4174 equor
774 4103 888 4173 prorata
907 4117 955 4161 ee·
1005 4093 1110 4190 cocere
1123 4093 1233 4149 metuo
1245 4092 1342 4160 ruisse,
1356 4109 1390 4151 co
1404 4095 1475 4166 qued
1499 4105 1526 4151 a
1541 4096 1598 4165 ipse
1612 4096 1733 4152 aulaeo
1747 4113 1795 4167 rc·

158 4193 389 4266 1ilstiotuaii3t
403 4193 448 4250 iiie
463 4210 471 4250 ε
490 4193 680 4258 Deliberatum,
694 4194 790 4265 inquit,
805 4193 906 4263 habui,
926 4204 956 4251 nt
1006 4185 1113 4244 cuniam
1128 4193 1286 4243 mutuasset.
1312 4184 1459 4254 iniuriosus
1478 4197 1567 4242 tanuen
1583 4187 1617 4244 ed
1628 4187 1754 4259 placitum
1769 4193 1796 4247 in

164 4285 191 4340 si
204 4299 249 4341 rue
260 4300 310 4342 res
323 4284 357 4340 ab
368 4284 422 4340 boc
436 4284 494 4340 loco
504 4281 615 4354 juberet
629 4283 744 4350 extrahi,
759 4285 793 4340 ab
807 4299 860 4340 una
873 4300 955 4345 mauu
1006 4291 1152 4349 conspeetu
1165 4279 1238 4348 reqis
1247 4277 1410 4335 childeberti
1423 4277 1540 4343 aduertit,
1567 4290 1595 4337 et
1615 4295 1664 4350 per
1677 4281 1794 4341 triduum

123 4373 495 4441 lslbssltaristenerem,
508 4373 954 4445 abaliarcro.etaqirratoqiadin,
1007 4372 1135 4444 usquead
1156 4386 1280 4429 occasum
1307 4371 1372 4428 selis
1388 4369 1396 4409 ¹
1414 4372 1575 4430 observarit.
1599 4372 1652 4431 Sed
1678 4389 1739 4433 cuer
1767 4377 1795 4435 bi

138 4471 195 4523 ιι
209 4468 282 4537 prius
296 4468 447 4533 urterlecto,
472 4475 691 4538 quaemcunque
704 4468 831 4537 deinceps
843 4467 955 4525 ciericos
1007 4479 1060 4519 non
1073 4461 1220 4529 uerisseet,
1245 4477 1333 4532 neque
1346 4462 1380 4521 dc
1393 4476 1472 4518 musa
1488 4462 1537 4519 bae
1551 4463 1586 4521 sb
1598 4464 1653 4521 uilo
1666 4464 1795 4538 interpel-

148 4559 346 4624 teserem,
375 4555 401 4610 in
427 4564 541 4612 nortem
565 4564 774 4626 prosternerem.
810 4555 866 4612 Nec
889 4557 954 4614 mibi
971 4529 1077 4610 ”eras
1090 4553 1194 4621 luisset,
1210 4554 1243 4610 sd
1254 4554 1363 4623 propria
1376 4553 1465 4609 rediit.

137 4647 284 4709 vestim
296 4658 355 4705 erat
365 4646 460 4715 iniuria
473 4647 547 4703 lettre
556 4647 741 4709 succumbere.
767 4647 790 4702 si
820 4646 855 4703 de
875 4646 955 4718 buius
1042 4646 1138 4703 xxiv.
1158 4648 1237 4704 Anno
1258 4646 1337 4717 iqitor
1355 4645 1458 4703 deciano
1476 4645 1640 4705 cettdeuerrt
1659 4651 1728 4722 reqis
1746 4667 1795 4710 rer

176 4742 251 4794 aucti
263 4739 370 4795 clericis
381 4740 530 4809 acciperem
551 4740 689 4796 ultionenr.
705 4741 767 4797 lise
781 4756 831 4813 eqo
844 4742 955 4798 audiens
1007 4740 1224 4798 Guntcbramnus
1241 4739 1381 4796 commotis
1400 4739 1523 4810 gentibus
1535 4742 1660 4812 roqeisul
1670 4757 1794 4815 magnum

150 4834 327 4899 ··tstupens‚
353 4828 507 4884 admirabar
520 4830 591 4901 qnod
613 4827 681 4900 ersi,
704 4831 766 4901 quie
781 4846 828 4902 per
842 4847 874 4888 os
896 4833 955 4904 eius
1005 4831 1095 4902 inerit
1111 4831 1270 4889 exercituin.
1288 4830 1341 4887 Sed
1360 4844 1421 4902 pars
1440 4831 1526 4900 major
1539 4848 1600 4889 tutu
1618 4834 1793 4893 Aurelianen-

163 4921 290 4980 caestus
303 4921 474 4994 loquebator,
491 4936 625 4994 rrunquaur
640 4923 712 4982 errirn
727 4923 755 4978 in
770 4923 853 4979 Deum
871 4924 954 4986 ullnnr
982 4918 1082 4980 'sibus
1106 4932 1186 4991 atque
1209 4918 1332 4977 bituricis
1352 4921 1488 4979 Pictarnm
1512 4923 1603 4993 petiit;
1626 4933 1795 4986 excesserant

205 5070 220 5101 ⁸
237 5059 311 5126 Bes„
336 5057 533 5130 presbyterium,
554 5073 606 5131 qrra
621 5075 790 5118 reoeorrrnes
806 5062 955 5137 presbyteri
1008 5059 1155 5117 etessrra.

168 5132 216 5197 cd
236 5131 348 5187 aderaut
369 5131 591 5204 designarentur,
611 5131 658 5186 ted
681 5144 772 5188 uestra
796 5134 876 5188 lectio
893 5150 952 5190 use·
1045 5139 1057 5168 ·
1077 5128 1148 5185 Editi
1161 5139 1190 5184 ut
1205 5128 1358 5198 plurimum,
1374 5127 1476 5195 queis.
1491 5126 1626 5197 vreeeap.
1641 5125 1689 5183 29.

164 5196 220 5258 lior
232 5211 283 5256 est.
1046 5198 1310 5266 ‘beestlrocraput
1326 5195 1594 5253 successerint.

205 5271 219 5313 Β
238 5271 286 5328 Sic
297 5271 727 5337 uad.;c01e.nr.,qaacateec‚·
748 5270 811 5332 Cb„
835 5274 870 5325 ud
886 5273 952 5340 boc,·
1042 5280 1055 5318 ⁸
1075 5269 1308 5327 dissenentium
1323 5269 1381 5322 libri
1396 5283 1404 5322 t
1427 5266 1539 5320 iornruia
1552 5265 1597 5321 38.

167 5342 257 5399 ceteri
269 5357 329 5397 esar
340 5341 413 5404 lice,
425 5357 475 5412 quo
484 5342 517 5394 od
527 5357 584 5394 noa.
1041 5339 1054 5379 ¹³
1075 5342 1102 5397 ld
1113 5353 1153 5395 est
1164 5339 1324 5403 tributorum
1336 5349 1499 5401 cauctorern,
1508 5345 1535 5389 ut
1549 5335 1739 5407 interpretatur
1750 5343 1794 5399 ΑΙ.

206 5408 317 5468 ‘Facta
332 5411 467 5467 oblatione
481 5410 507 5466 in
534 5411 615 5466 llists
629 5412 768 5482 presbyter
788 5427 820 5465 cx
843 5415 950 5479 oblatis,
1007 5423 1117 5468 tcscrra.

169 5491 295 5550 unctum
316 5480 381 5537 satu
392 5488 452 5536 erat
465 5480 498 5535 ad
521 5481 678 5537 sacrilicinnr
695 5482 864 5551 lideiinurqne
875 5500 950 5538 corrr-
1044 5481 1052 5521 ί
1075 5482 1130 5536 bias
1138 5488 1196 5536 erat
1208 5491 1236 5534 ut
1245 5477 1301 5533 sole
1312 5476 1448 5532 occidente
1457 5472 1551 5543 placita
1563 5475 1712 5544 dnirentur,
1723 5485 1794 5548 quod

168 5554 334 5618 nuoiorrenr,
359 5551 521 5617 assumebat,
550 5551 620 5622 qnod
643 5552 802 5623 contegebat
822 5553 890 5622 putta
905 5571 952 5609 seu
1005 5553 1085 5609 etiarn
1099 5550 1158 5605 aliis
1173 5548 1322 5604 nationibus
1334 5547 1454 5600 seieruue
1466 5544 1547 5602 iuius
1558 5547 1682 5602 obsecrat
1697 5548 1795 5618 liiqrrn·

166 5622 252 5688 bailio
265 5622 368 5677 attaris.
394 5618 462 5678 vide
477 5620 523 5678 bb.
539 5635 548 5676 t
562 5621 595 5677 dc
609 5619 711 5695 biturq.
729 5622 835 5692 Gallie,
852 5638 911 5694 cap.
924 5624 951 5690 5,
1006 5622 1065 5678 eius
1075 5621 1102 5676 in
1115 5619 1162 5676 lib.
1176 5634 1184 5673 ι
1198 5614 1325 5680 ilarculil,
1339 5615 1417 5669 lorin-
1430 5615 1476 5679 bi.
1486 5613 1523 5670 be
1534 5614 1640 5684 placite,
1652 5616 1687 5672 ies
1698 5619 1793 5686 picids,

167 5703 245 5747 corn.
261 5695 302 5746 ill.
1006 5709 1040 5746 os
1053 5691 1155 5750 αιιὶιιι.
1174 5689 1236 5743 ride
1248 5685 1338 5757 Canqii
1351 5683 1528 5754 Glossarium,
1541 5695 1568 5743 ct
1581 5701 1660 5757 sopra
1681 5697 1737 5743 not.
1760 5688 1795 5743 ad

206 5761 408 5819 ‘eunocum
436 5762 486 5820 tiri
511 5756 758 5832 rrobenpropriunt
781 5760 863 5819 luisse
876 5774 953 5831 putat
1007 5777 1065 5827 cap.
1082 5760 1175 5815 elliu.
1196 5773 1228 5813 rt.
