3794 6128
110 266 114 276 ·
200 238 273 315 itas
632 288 636 295 -
743 200 1414 313 s..onsoon11nr1scor1tunonensis
1477 298 1480 309 .

202 395 293 455 regua
305 374 518 445 conscenditur,
533 373 569 433 de
584 373 703 448 quibus,
719 379 753 434 ut
773 376 885 450 opinor,
911 382 939 437 et
963 371 1206 437 DavidAvexilla
1227 374 1398 445 praemittit:
1419 375 1481 449 ipse
1505 380 1594 434 metat
1618 388 1708 448 super
1729 384 1816 435 exam

202 469 281 537 dicit,
298 468 367 542 quia
385 480 512 522 moenera
534 466 661 522 incude
683 467 809 539 deposuit
824 469 909 534 (Psoi.
925 478 1055 537 nxxxnr,
1097 477 1167 522 eum
1182 476 1234 521 sua
1248 461 1377 521 oratione
1391 463 1529 561 mitescat.
1546 461 1630 524 lunc
1651 460 1738 537 quasi
1752 456 1816 523 adt

113 623 116 627 ,
202 562 237 632 iil.
263 557 456 632 Aocipiuntur
476 570 544 629 ergo
565 555 597 614 bi
620 557 727 630 gradus
740 556 921 616 diversorum
936 572 1057 633 operum
1097 567 1165 612 nem
1178 551 1334 612 dominicae
1348 553 1464 613 virtutis
1477 554 1541 614 haec
1554 553 1643 614 verba
1656 549 1816 628 suscipient

82 677 85 683 ·
203 646 239 705 ad
253 645 367 705 cultum
381 644 517 703 divinum
537 643 691 717 proiectus,
707 649 736 704 et
751 644 851 704 nullus
864 644 896 703 in
915 643 963 702 bis
976 658 1056 717 gres·
1098 639 1179 700 lutus
1205 647 1289 700 terra
1309 642 1469 703 orationem
1484 642 1558 702 ludit
1575 641 1812 713 eunomiumne

202 746 268 791 sum
283 732 371 805 ligere
385 735 488 805 potest,
504 729 562 790 nisi
579 730 675 801 luerit,
697 731 773 790 sicut
794 746 871 805 saepo
893 730 987 789 testati
1007 746 1055 789 su·
1098 729 1178 799 dens,
1206 728 1279 787 lacto
1298 728 1423 803 desuper
1445 731 1529 805 signo
1552 729 1656 802 crucis,
1680 729 1748 790 ait:
1776 730 1816 787 [ι

204 833 280 888 mus,
306 816 358 876 Dei
379 816 522 890 adjutorio
544 824 725 891 provocatus.
750 815 796 876 Sic
823 817 902 875 enim
927 816 1057 876 Psalmo·
1098 823 1220 875 nostrum
1235 821 1385 875 innomine
1398 823 1517 885 mutui,
1539 823 1589 893 qui
1605 822 1673 889 fecit
1690 818 1816 879 oetam

202 907 331 984 graphas
354 908 387 966 in
411 907 463 967 illo
484 907 587 967 medita
607 908 790 982 profectionis
806 908 898 980 gradu
918 907 1056 982 loquitur,
1098 905 1144 964 nd
1165 905 1242 964 banc
1264 907 1327 979 ejus
1348 907 1509 966 orationem
1528 908 1680 967 confestim
1694 918 1804 967 omna

203 997 326 1056 dicens:
351 999 415 1056 litei
432 1001 563 1055 Dominus
581 998 757 1070 aedificaverit
776 999 895 1064 domum
911 1000 942 1053 iu
956 989 1058 1055 uocum
1098 992 1175 1051 inira
1190 997 1306 1053 antrum
1327 993 1405 1053 unde
1420 1010 1542 1068 egressa
1562 995 1678 1055 inerant
1698 988 1816 1069 abdidit

205 1087 331 1145 tuomum
350 1090 401 1160 qui
415 1089 552 1160 adipeam
573 1105 632 1145 eum
654 1091 709 1155 ιΡι.
732 1099 839 1159 cxxvi,
855 1088 890 1149 tl.
908 1086 990 1158 Quod
1004 1087 1056 1146 ad·
1098 1096 1168 1141 vcro
1183 1082 1219 1141 ad
1238 1082 1435 1156 spectaculum
1449 1085 1584 1146 omnium
1601 1101 1729 1146 messem
1741 1082 1816 1149 dud

201 1174 355 1250 interium,
382 1189 440 1233 non
462 1174 547 1234 modo
565 1181 715 1249 martyres,
738 1191 842 1236 verum
865 1175 953 1235 etiam
970 1179 998 1234 et
1012 1173 1057 1234 illi
1088 1185 1148 1230 >sus
1172 1172 1302 1245 expetiit.
1328 1172 1409 1244 Quod
1434 1188 1492 1232 non
1513 1174 1577 1235 sine
1604 1174 1748 1237 miraculo
1767 1172 1816 1237 inl

204 1280 277 1341 qnos
297 1282 387 1326 sacras
408 1266 476 1325 vitas
496 1264 644 1324 roboravit
665 1267 820 1327 auctoritas
839 1268 913 1341 ιιι,
930 1265 1056 1325 celebra·
1098 1259 1164 1332 fuit,
1180 1275 1214 1319 eo
1234 1261 1312 1336 qnod
1331 1261 1474 1322 Dominus
1486 1263 1517 1322 in
1531 1279 1562 1322 ee
1576 1271 1744 1339 sperantem
1758 1260 1816 1345 adt

204 1355 269 1430 vill,
296 1352 391 1412 1202
407 1353 516 1429 iugiter
532 1354 723 1429 inquirentes,
748 1355 785 1415 ad
809 1357 864 1416 lroc
888 1355 966 1431 quod
993 1354 1057 1413 sitis
1097 1366 1165 1412 nem
1185 1366 1286 1412 eorum
1308 1353 1350 1411 sic
1372 1353 1508 1427 dignatus
1532 1354 1620 1416 tuerit
1647 1355 1802 1437 mborare'.¹

203 1441 341 1502 desiderii
366 1440 504 1515 spiritalis
532 1442 681 1515 promebat
708 1443 817 1504 alacres
852 1448 1054 1520 pervenerunt.
1087 1447 1161 1516 post
1184 1442 1258 1513 bec,
1273 1457 1340 1502 cum
1359 1443 1390 1501 in
1412 1443 1545 1504 arborem
1564 1460 1615 1519 pro
1642 1446 1775 1520 quadam
1789 1460 1816 1507 ιι

204 1530 278 1590 Nam
292 1531 317 1591 si
331 1529 367 1589 ad
382 1530 555 1604 martyrium
571 1546 654 1591 mens
667 1536 786 1592 accensa
800 1540 852 1605 eet,
869 1533 958 1608 bujns
972 1531 1055 1605 adju·
1097 1529 1280 1600 ostendisset,
1309 1530 1405 1591 subito
1423 1531 1523 1593 colliso
1541 1533 1597 1593 sub
1619 1533 1747 1609 pedibus
1771 1546 1816 1601 ιιι

204 1619 271 1678 ιοιιι
292 1633 376 1692 opem
398 1618 528 1693 poposcit
550 1625 660 1700 martyr
682 1625 715 1679 ut
735 1620 887 1690 vinceret;
907 1619 931 1678 si
950 1615 1057 1694 jejunii
1097 1617 1194 1691 coepit,
1219 1617 1381 1693 cadensque
1404 1620 1550 1690 deorsum,
1574 1638 1623 1697 per
1644 1621 1782 1695 singulos
1799 1612 1816 1699 'd

204 1706 418 1768 observantiam
438 1707 576 1768 adhibere
593 1707 713 1779 studuit,
735 1716 768 1770 ut
784 1710 821 1769 ab
835 1726 869 1770 eo
880 1704 1224 1794 confortare-Beatiobat
1238 1722 1343 1778 ramos,
1360 1706 1466 1766 Christi
1486 1708 1688 1768 beatissimum
1708 1708 1816 1771 nomd

205 1800 253 1855 tur
278 1794 401 1854 afflictus
423 1801 487 1865 est;
511 1796 537 1854 si
558 1796 680 1855 castitati
698 1803 777 1858 artus
797 1813 943 1857 reservare
966 1796 1059 1857 voluit
1099 1795 1157 1868 bat,
1174 1794 1295 1855 dicens:
1314 1795 1426 1856 Christe
1440 1797 1633 1871 omnipotens,
1648 1798 1731 1858 salva
1753 1812 1816 1859 ma.

205 1885 383 1959 impollutos,
409 1890 442 1946 ut
465 1887 502 1946 ab
528 1886 580 1947 illo
608 1888 774 1949 muniretur
799 1889 920 1962 oravit;
945 1889 971 1949 si
996 1893 1060 1963 post
1099 1882 1277 1957 pervenisset
1298 1885 1335 1943 ad
1357 1890 1473 1957 terram,
1491 1887 1565 1946 nibil
1580 1893 1623 1946 est
1640 1888 1816 1963 nocitum

204 1974 398 2050 ignorantiam
421 1976 589 2050 poenitendo
611 1978 740 2037 converti
762 1977 946 2047 desideravit,
971 1983 1004 2038 ut
1021 1977 1059 2036 ab
1100 1992 1233 2052 semper:
1255 1979 1435 2050 adjutorium
1448 1987 1571 2039 nostram
1593 1986 1623 2040 ia
1640 1984 1816 2047 numium

205 2080 239 2125 eo
253 2065 447 2127 nibilominus
458 2067 662 2129 sublevaretur
673 2084 740 2130 cum
753 2069 889 2145 lacrymis
899 2069 1057 2145 dogimvit;
1099 2069 1274 2136 recticulum
1288 2073 1314 2124 et
1328 2074 1440 2128 turum.

205 2157 234 2210 et
247 2153 271 2212 si
285 2153 356 2227 quid
373 2155 468 2230 operis
480 2157 553 2214 boni
566 2162 821 2240 exercere-eorum
835 2158 982 2233 quispiam
998 2173 1059 2217 me·
1136 2152 1174 2213 ll.
1199 2153 1253 2212 His
1272 2160 1300 2213 et
1320 2153 1387 2214 aliis
1404 2156 1562 2218 virtutibus
1585 2157 1749 2233 animatus,
1772 2156 1816 2221 od

205 2238 313 2303 ditatus
334 2249 387 2317 est,
413 2250 447 2305 ut
466 2245 503 2304 ab
528 2246 583 2306 boc
602 2246 744 2322 adjutorio
760 2243 913 2324 juvaretur
928 2247 1058 2322 expetiit.
1102 2251 1210 2304 secreta
1223 2244 1320 2304 cordis
1335 2247 1437 2306 tacitus
1456 2249 1579 2322 cogitare
1594 2249 1719 2310 dicens:
1738 2247 1772 2311 si
1784 2262 1816 2311 α

206 2331 261 2390 Ριι
283 2332 337 2392 bos
357 2349 425 2407 ergo
449 2334 535 2394 scalae
560 2335 649 2406 buius
676 2352 814 2397 ascensus
837 2342 895 2394 tam
916 2335 1058 2406 difficiles,
1103 2333 1150 2402 sti,
1166 2340 1194 2392 et
1207 2334 1352 2394 invocatio
1368 2337 1496 2399 nominis
1511 2339 1585 2413 ejus,
1603 2343 1693 2413 atque
1708 2338 1816 2412 adjutu

207 2426 323 2496 tamque
346 2425 487 2497 excelsos,
510 2430 569 2484 tana
590 2423 707 2497 arduos,
725 2440 792 2484 curn
815 2427 874 2485 sint
886 2424 1006 2496 diversi,
1023 2423 1059 2482 ad
1103 2422 1243 2482 eiulatum
1265 2424 1301 2498 ab
1320 2441 1353 2485 eo
1369 2406 1486 2485 tantam¹
1499 2427 1656 2501 potentiam
1677 2425 1779 2499 habu,
1802 2442 1816 2489 ι

206 2526 301 2572 unum
325 2517 422 2573 tamen
447 2513 606 2573 Dominum
633 2529 684 2588 per
707 2514 797 2589 hujus
821 2512 957 2589 adjutorii
975 2528 1059 2586 opem
1102 2526 1228 2588 quaque
1250 2514 1354 2572 mundi
1378 2515 1520 2587 devincat,
1546 2515 1710 2589 periculosa
1730 2516 1816 2577 obrt'!

205 2605 418 2666 conscenditur.
450 2607 562 2667 Idcirco
590 2624 704 2684 semper
732 2610 782 2668 ille
809 2608 980 2685 poscendus,
1009 2607 1061 2666 ille
1101 2605 1215 2663 tionum
1230 2610 1292 2671 atra
1306 2605 1439 2679 depellat,
1455 2614 1483 2666 et
1498 2607 1598 2666 omnia
1613 2623 1682 2682 quae
1698 2612 1770 2668 sunt
1784 2620 1816 2669 ι

205 2695 392 2770 quarendus,
418 2696 469 2757 ille
492 2699 674 2760 invocandus
696 2700 760 2767 erit,
787 2705 820 2760 ut
836 2699 913 2774 quod
933 2698 1060 2758 debono
1098 2697 1149 2772 ius
1162 2695 1369 2765 oblectamenta
1388 2713 1440 2773 pro
1462 2697 1557 2758 nihilo
1573 2703 1706 2773 reputata
1721 2692 1816 2779 beliab

206 2799 290 2844 mens
307 2785 442 2860 concipit,
461 2787 605 2862 adjutorio
626 2802 679 2848 suo
697 2787 759 2863 ipse
777 2789 916 2862 perficiat,
940 2787 976 2846 de
999 2803 1059 2862 quo
1101 2786 1175 2846 mibi
1198 2793 1227 2845 et
1249 2788 1370 2879 mundo,
1394 2788 1453 2847 nisi
1475 2796 1508 2850 ut
1526 2789 1634 2848 relictis
1655 2781 1812 2853 omnibus·

206 2878 235 2933 et
252 2873 338 2933 nobis
353 2875 416 2934 sine
428 2876 487 2936 ilne
500 2884 609 2953 oportet
619 2879 731 2938 dicere:
748 2879 928 2950 adjutorium
937 2883 1060 2935 nortuum
1101 2881 1178 2945 sunt,
1205 2874 1287 2934 illius
1311 2890 1413 2934 vacare
1439 2875 1530 2937 solius
1554 2876 1676 2935 debeam
1691 2874 1816 2953 umqul

206 2968 237 3023 in
263 2969 371 3024 nomiae
395 2970 514 3036 Domini,
541 2972 592 3042 qui
615 2971 682 3040 fecit
710 2971 804 3026 coelum
828 2974 854 3025 et
879 2974 981 3026 terrum
1003 2970 1058 3040 (Po.
1100 2964 1598 3042 nominisinvocationeapericulis
1607 2983 1677 3027 sum
1686 2967 1816 3031 salvam

205 3065 312 3127 cxxru,
328 3058 365 3127 ιιι.
391 3055 472 3118 Sicut
495 3064 523 3117 et
544 3058 593 3119 illc
614 3058 812 3130 beatissimus,
840 3057 876 3117 de
897 3068 957 3132 quo
981 3053 1137 3152 nuncGEt
1154 3069 1287 3127 egressus
1308 3058 1346 3114 ab
1372 3056 1526 3132 hospitiolo
1548 3073 1613 3130 suo,
1634 3058 1748 3118 oblitus
1775 3070 1816 3137 [ι

128 3175 131 3182 ·
207 3144 292 3205 nobis
304 3145 422 3207 iuturus
433 3152 477 3207 est
489 3161 595 3218 sermo,
610 3149 662 3222 qui
676 3149 751 3207 inter
765 3147 894 3207 diversas
907 3145 953 3206 vel
966 3150 1060 3204 teum·
1101 3144 1233 3219 patriam,
1249 3159 1381 3205 cremum
1395 3143 1486 3218 petiit,
1503 3161 1540 3206 ne
1557 3145 1588 3204 in
1607 3145 1717 3207 ιιιιιιιο
1741 3144 1816 3207 hald

208 3234 312 3309 tiones,
338 3237 387 3296 vel
409 3254 510 3299 cruces
533 3239 645 3311 saeculi,
671 3255 784 3314 semper
808 3238 899 3313 buius
924 3236 1060 3313 adjutorii
1100 3233 1298 3309 pedimentum
1319 3235 1439 3310 aliquod
1459 3235 1495 3295 de
1518 3237 1646 3296 oratione
1664 3235 1816 3299 muudi·

208 3325 361 3385 munimen
376 3326 507 3403 expetiit.
1101 3323 1253 3383 conferret.
1277 3323 1342 3399 lpse
1366 3340 1483 3401 quoque
1507 3329 1536 3385 et
1561 3325 1651 3385 abbas
1678 3322 1816 3387 Sabaudtl

243 3411 266 3472 ι.
286 3412 355 3473 Fuit
371 3413 463 3489 igitur
478 3414 556 3490 apud
575 3414 701 3474 insulam
722 3414 925 3474 vindunittam
947 3425 959 3452 ⁸
979 3412 1061 3472 urbis
1101 3413 1241 3497 Bandusl,
1255 3414 1306 3490 qui
1321 3415 1469 3490 quondam
1484 3416 1560 3488 regis
1571 3415 1690 3475 clotarii
1704 3414 1816 3475 minin

208 3499 386 3562 Namneticae
400 3503 446 3563 vir
458 3505 583 3579 egregia
596 3504 765 3576 sanctitatis,
778 3503 917 3563 Friardns
930 3501 1059 3574 nomine,
1101 3503 1302 3579 penitentiam
1322 3503 1505 3578 accipientes,
1533 3503 1784 3564 vindunitensem
1796 3496 1816 3565 b

208 3590 340 3650 reclusus
357 3593 424 3661 (Aa.
439 3593 503 3664 576,
527 3597 570 3651 ool
597 3595 659 3668 577,
686 3595 817 3664 itaq),
835 3593 870 3652 de
893 3592 978 3667 cujus
1002 3591 1061 3649 vita
1103 3592 1238 3652 territorii
1264 3592 1392 3652 insulam
1414 3598 1483 3652 sunt
1507 3593 1614 3669 agressi
1639 3611 1646 3652 :
1682 3592 1816 3653 labem

206 3695 363 3756 parumper
378 3683 414 3740 ad
438 3684 659 3746 edificationem
680 3684 816 3745 Ecclesiae
832 3683 927 3742 dicere
941 3682 1062 3741 delectat
1102 3699 1202 3744 secum
1215 3690 1243 3743 et
1257 3682 1465 3752 Secundellum
1480 3683 1645 3744 diaconum.
1665 3680 1816 3745 tumori

208 3766 352 3838 animum,
377 3769 448 3842 quia
470 3771 571 3844 ignoro
597 3771 622 3831 si
642 3771 805 3845 abaliquo
827 3770 865 3828 sit
879 3768 992 3844 scripta.
1007 3768 1062 3826 Hic
1103 3770 1178 3829 tadc
1202 3775 1296 3830 aratro
1317 3770 1434 3829 Domini
1458 3787 1558 3844 manu,
1574 3771 1610 3830 ab
1633 3770 1734 3831 insula
1752 3770 1816 3831 din

208 3854 245 3913 ab
259 3854 383 3915 infantia
397 3872 451 3918 sua
470 3874 583 3934 semper
599 3858 659 3920 Deo
673 3860 796 3920 devotus
816 3859 873 3919 luit
895 3864 983 3932 atque
1005 3873 1060 3933 pn·
1102 3861 1311 3920 monasterium
1340 3861 1425 3920 rediit
1439 3869 1460 3933 ι,
1484 3876 1536 3920 ιιι
1555 3856 1648 3918 multo
1673 3863 1751 3934 post,
1777 3864 1816 3919 od

208 3942 314 4003 dicus:
338 3945 429 4006 lactus
449 3953 547 4008 autem
572 3949 629 4023 vir,
654 3964 767 4025 semper
785 3949 816 4008 ln
836 3947 889 4007 Dei
911 3945 1059 4018 laudibus,
1101 3950 1206 4021 causis,
1232 3947 1329 4006 1204
1351 3951 1447 4025 gladio
1471 3957 1514 4011 est
1534 3955 1713 4026 peremptus.
1740 3946 1816 4010 Sane

208 4046 323 4108 semper
344 4034 375 4095 in
399 4037 539 4106 oratione,
554 4054 668 4116 semper
681 4041 713 4100 in
728 4039 839 4115 vigiliis
853 4036 994 4112 degebat:
1015 4037 1061 4096 vi·
1101 4039 1240 4100 lisiardus
1261 4055 1318 4099 cun
1344 4038 1516 4101 Secundello
1538 4038 1660 4098 diacono
1673 4037 1707 4096 in
1723 4052 1816 4115 snpra

208 4130 271 4185 ctus
285 4130 446 4189 necessaria
459 4131 584 4207 propriis
597 4130 733 4191 manibus
745 4129 880 4204 exigebat
893 4145 911 4188 a
927 4134 1001 4188 terra
1013 4146 1020 4198 ;
1036 4135 1064 4188 et
1104 4130 1168 4190 sula
1181 4130 1259 4190 stetit
1274 4129 1442 4189 immobilis.
1458 4129 1589 4189 Habebat
1603 4135 1701 4188 tamen
1716 4134 1816 4205 ιιιιιιιι

208 4215 233 4275 ιι
257 4216 290 4275 in
310 4214 397 4294 op'era
421 4221 497 4281 inter
515 4222 643 4299 reliquos
657 4228 830 4299 properaret,
853 4235 1006 4296 nunquam
1027 4219 1063 4279 ab
1103 4222 1249 4296 propriam
1263 4218 1408 4291 cellulam,
1421 4219 1470 4278 sed
1483 4218 1583 4294 procul
1597 4233 1614 4276 a
1630 4232 1661 4277 se
1676 4217 1810 4290 positam.

118 4352 134 4374 .
208 4307 339 4368 oratione
363 4314 500 4373 cessabat.
529 4313 614 4385 Quod
638 4314 745 4374 vicinis
770 4320 821 4374 aut
847 4311 1003 4384 extraneis,
1031 4317 1064 4371 ut
1104 4318 1221 4370 strenue
1245 4310 1276 4369 in
1303 4309 1432 4369 oratione
1455 4308 1650 4383 persisterent,
1675 4300 1816 4367 noceto

207 4413 271 4458 mos
289 4400 465 4461 rusticorum
487 4402 582 4476 habet,
598 4403 754 4464 ridiculum
779 4409 848 4462 erat.
867 4402 997 4474 Quodam
1012 4397 1224 4511 ve-Ddiacono
1236 4395 1371 4471 apparuit
1383 4402 1506 4455 tentator
1519 4394 1550 4453 in
1566 4392 1661 4469 specie
1682 4388 1812 4465 Domini,

124 4567 126 4571 y
207 4503 239 4548 ro
254 4488 313 4561 die,
326 4489 396 4550 dum
412 4506 479 4550 cnm
493 4492 629 4568 reliquis,
640 4493 674 4551 in
688 4498 814 4568 segetem
828 4492 934 4551 culmis
949 4491 1059 4563 incisis,
1103 4487 1163 4562 Ego
1180 4501 1248 4546 sum
1269 4487 1413 4557 cbristus,
1433 4500 1522 4559 quem
1546 4481 1678 4559 quotidie
1702 4483 1816 4556 depreot

208 4579 372 4655 manipulos
401 4580 557 4656 colligaret,
585 4599 709 4643 examen
736 4583 948 4644 miserabilium
976 4589 1062 4658 atque
1103 4579 1183 4638 enim
1199 4584 1315 4637 sanctus
1329 4577 1447 4636 effectus
1462 4591 1501 4647 os,
1517 4581 1545 4633 et
1560 4588 1667 4633 nomen
1683 4578 1771 4633 tuum
1791 4568 1816 4631 tl

208 4685 355 4729 savarum
369 4687 547 4746 muscarum,
562 4690 633 4750 quas
649 4675 738 4748 vulgo
753 4690 855 4750 vespas
879 4680 991 4745 vomnt,
1016 4689 1061 4733 re·
1103 4672 1171 4727 cum
1195 4665 1317 4740 reliquis
1338 4665 1445 4725 sanctis
1466 4664 1539 4723 meis
1559 4661 1701 4735 ascripsi:
1729 4658 1816 4737 egred

108 4765 111 4769 ’
209 4759 347 4834 periunt;
362 4776 488 4835 cumque
497 4763 636 4823 acerrime
648 4779 800 4835 messores,
815 4761 930 4822 emissis
940 4763 1060 4834 aculeis,
1103 4752 1140 4819 ab
1154 4760 1207 4818 hac
1221 4757 1317 4818 insula
1331 4764 1359 4816 et
1372 4757 1455 4829 vade,
1471 4757 1516 4814 iac
1533 4753 1670 4813 sanitates
1686 4753 1728 4813 ,ιιι
1751 4766 1816 4830 popl

210 4848 378 4921 lacerarent,
407 4849 538 4925 undique
563 4853 776 4915 circumeuntes
803 4868 938 4925 messem,
965 4853 1061 4912 locum
1103 4854 1132 4905 et
1152 4847 1202 4906 ille
1223 4847 1338 4906 illectus
1351 4843 1567 4919 deceptionibus
1588 4838 1816 4901 discessitabin

207 4935 294 4996 illum
316 4937 347 4996 in
372 4951 430 5011 quo
451 4938 498 4998 bae
516 4940 651 5002 adunata
670 4946 753 5002 erant
771 4941 948 5014 transiliunt,
975 4945 1062 5016 aque
1103 4935 1386 4997 sociornuntiovit:
1418 4940 1606 4992 tamencum
1633 4930 1763 4990 inlirmis
1783 4928 1813 4989 iu

210 5027 357 5088 irridendo
373 5028 487 5089 beatum
503 5030 660 5094 Friardum
677 5031 870 5108 alloquuntur
884 5032 993 5106 dolose,
1015 5032 1060 5090 di·
1102 5027 1210 5089 Christi
1242 5043 1350 5087 manus
1390 5026 1551 5101 inponeret,
1581 5016 1816 5083 sanabantur!

208 5124 327 5179 centes:
353 5114 462 5177 Veniat
487 5117 667 5194 benedictus,
693 5120 792 5179 veniat
819 5120 981 5196 religiosus,
1009 5119 1061 5197 qni
1101 5127 1199 5181 autem
1213 5124 1277 5195 post
1291 5116 1419 5177 multum
1431 5114 1596 5192 tempusad
1612 5114 1755 5186 insulam,
1768 5124 1816 5173 ιιι

208 5224 291 5270 orare
313 5226 371 5271 non
403 5205 498 5269 1203
524 5211 642 5280 desinit,
670 5210 722 5285 qui
744 5226 859 5272 crucem
887 5211 1009 5273 auribus
1034 5217 1062 5271 et
1101 5209 1181 5271 cium
1194 5224 1263 5268 cum
1275 5222 1351 5267 vana
1364 5206 1467 5281 gloria,
1480 5205 1580 5264 dicens
1595 5223 1602 5262 :
1619 5202 1689 5263 libii
1701 5202 1784 5263 enim
1802 5215 1816 5261 ι

208 5299 300 5389 oculis
314 5314 428 5373 semper
441 5298 574 5372 imponit,-
589 5297 640 5374 qui
656 5297 713 5358 viis
728 5297 842 5358 itineris
860 5297 907 5359 sni
925 5297 1062 5360 salubria
1101 5297 1207 5369 sulam,
1222 5297 1385 5359 etvirtutes
1410 5295 1517 5357 multas
1539 5294 1571 5354 in
1592 5292 1712 5370 populis
1728 5290 1803 5355 decl.

240 5532 250 5554 ·
278 5520 401 5587 Plerique
434 5521 490 5586 ld..
524 5519 725 5576 vindimittom.
752 5520 824 5578 colo.
851 5525 879 5578 et
902 5521 967 5578 Bell.
992 5521 1064 5577 lutra
1134 5523 1256 5588 ·sonptt
1284 5521 1349 5588 duo,
1365 5518 1487 5583 ιιιιιιίιι,
1513 5531 1573 5587 quoa
1594 5516 1816 5588 rox,Greania

210 5592 312 5647 babent
327 5592 552 5647 Vindonitomom.
1104 5594 1146 5649 ιιι
1155 5597 1206 5649 eat

240 5665 252 5695 ι
268 5664 332 5730 nu,
343 5667 541 5721 mamutium
550 5663 663 5733 reliquit
