3794 6128
122 292 176 349 tot
634 283 664 341 S.
682 280 847 340 dtttttiotttt
864 275 1018 334 El‘lSlLllPl
1038 270 1253 329 tunonensts
1699 261 1754 318 868

124 405 169 470 tis,
184 404 336 459 assiduitate
351 399 538 455 miraetdorum
549 396 691 452 illustrant.
706 392 832 461 Quicum
843 389 909 444 mul·
924 390 949 449 Α
963 393 993 437 ut
1010 383 1056 453 qrrl
1074 379 1204 444 hauserit,
1228 377 1339 432 miretur
1352 376 1487 432 ellectum.
1503 374 1568 430 llam
1581 373 1619 428 ita
1633 374 1693 426 brec
1706 371 1754 426 be-

124 504 346 549 torumauuorum
360 490 494 546 curricula
508 489 534 542 iu
548 488 590 542 liis
600 487 643 542 ubi
653 486 749 555 sepulti
764 491 827 538 sunt
837 482 910 535 locu·
962 472 1081 530 uedietio
1093 471 1201 526 assidue
1211 469 1357 538 expetitur,
1374 467 1466 537 etjam
1479 468 1504 520 in
1517 480 1571 521 uuo
1586 464 1646 519 loo)
1659 475 1753 518 satec·

124 581 157 637 lis
177 585 359 650 truiescereut,
383 581 495 634 scissum
518 593 602 646 nuper
624 575 815 644 pavimentum,
841 569 910 639 gurd
963 565 1064 636 pirgus
1077 571 1203 634 appareat
1219 560 1404 615 transforatus.

124 675 197 728 calcu
210 683 288 741 atque
311 673 472 727 eonurriuuta
500 680 566 725 testa
581 670 656 739 quasi
682 668 748 721 silex
769 663 911 719 durissima
1259 670 1373 728 caput·
1392 669 1459 749 mn,

125 762 211 817 lusunr
226 772 293 822 erat,
318 763 394 816 unius
413 760 528 830 sepulcri
551 773 679 814 cacumen
704 757 835 825 apparuit.
854 755 912 820 Quo

124 855 259 922 paululum
274 856 387 919 elevato,
403 853 480 908 tellus
494 853 578 906 scissa
594 852 697 920 apicem
713 848 823 902 alterius
840 857 913 915 pate·
999 901 1101 955 Η,
1207 901 1235 954 Ρ,
1403 907 1411 952 ι
1474 897 1480 909 ,
1618 894 1757 947 ‚msam

125 946 195 1000 lecit.
224 946 323 1013 lllorpre
338 946 481 1010 emicante,
496 955 606 1000 secutus
620 952 662 997 est
677 946 770 996 turtius
785 940 911 1003 tumulus,
981 916 1070 1000 ,¹¹¹³
1095 915 1180 969 ΨΜ
1228 909 1374 954 mmmm
1413 911 1557 964 ‘numum'
1581 910 1625 965 *¹⁰¹
1685 911 1694 962 ¹
1739 938 1743 945 ’

123 1039 168 1108 qui
184 1052 253 1091 rrurre
266 1038 338 1106 juxta
353 1035 456 1090 initium
472 1035 635 1088 ostensionis
648 1048 704 1087 suae
716 1029 848 1101 gradatim
859 1029 914 1083 ele·
964 999 1066 1095 emim
1079 988 1241 1092 Nami'eucssae
1253 987 1335 1090 9³8
1349 986 1375 1040 'd
1389 994 1442 1090 ‘it'
1456 1001 1484 1039 m
1499 999 1556 1087 ηοξ)
1568 983 1716 1109 nimis*
1730 980 1753 1043 ι’

124 1138 221 1183 tantur
235 1141 316 1197 super
329 1136 426 1180 [emm
438 1133 462 1177 ¹.
481 1124 534 1178 Sed
548 1139 617 1177 nunc
625 1122 680 1192 jam
703 1122 803 1191 primus
814 1120 883 1172 liber
898 1132 914 1170 a
964 1081 1614 1183 Lupranusqmdamrualbistransteusrequrusert
1625 1075 1707 1148 (Suc.
1717 1088 1756 1138 rr,

126 1216 201 1270 mule
215 1226 329 1277 lemna'
345 1215 457 1268 liberum
477 1229 507 1268 se
522 1212 620 1267 visibus
643 1221 750 1280 [mm
771 1211 913 1272 humanm
966 1173 997 1227 ll
1015 1171 1095 1241 (leti.
1114 1171 1162 1225 llic
1182 1170 1293 1226 lcrtura
1309 1172 1387 1226 beato
1403 1169 1502 1224 llrlarto
1519 1178 1638 1222 auttstrte
1655 1171 1757 1221 donum

125 1307 178 1358 duo
192 1307 279 1358 adlruc
301 1313 462 1372 sentiuntur,
483 1302 529 1357 sed
546 1302 622 1356 annis
642 1301 754 1371 singuiis
775 1299 916 1368 proliciunt
968 1263 1137 1368 hfi'n’mm
1150 1267 1315 1372 ³⁰⁵{⁰P⁵⁸³⁸3
1332 1264 1378 1316 ξω
1393 1275 1465 1327 '¹¹⁰¹’
1480 1270 1509 1316 ¹¹¹
1520 1262 1646 1364 *mimum
1659 1259 1760 1360 migr*

124 1398 158 1452 ad
184 1413 330 1467 egressum.
360 1396 381 1451 0
408 1393 566 1450 admirande
593 1395 750 1465 mysterium
781 1392 913 1447 Deitatisl
967 1363 1171 1424 mmmm·
1191 1352 1759 1419 (⁴¹¹¹²⁰²⁰b0¹¹⁰f⁰m⁰¹¹¹⁰¹¹¹m¹²fss¹w⁰

970 1450 1041 1498 tanta
1054 1454 1095 1498 cst
1109 1443 1193 1513 gratia
1204 1443 1342 1508 attribute,
1355 1454 1384 1498 ut
1394 1436 1494 1512 adeius
1506 1442 1658 1507 seprrlcrum
1668 1454 1759 1494 eaecus

125 1491 195 1558 qrrod
219 1499 324 1542 artuum
343 1486 507 1555 sepultorum
528 1486 670 1556 puritatem
692 1483 844 1539 manifestat
862 1497 916 1536 sm·
987 1533 993 1546 ,
1195 1534 1200 1545 ,

129 1583 199 1646 rulo,
213 1581 277 1636 dum
292 1581 379 1650 prod„
393 1594 408 1634 e
423 1579 585 1648 parimento,
601 1585 629 1633 et
643 1577 816 1646 mmmm
833 1573 915 1646 93⁷
967 1549 1069 1634 ursum,
1091 1533 1251 1606 paralyticus
1268 1547 1401 1603 gressum,
1420 1541 1510 1588 mutua
1528 1539 1677 1587 mereretur
1700 1531 1760 1585 elo·

126 1672 349 1728 resurrectionem
365 1685 417 1724 uon
436 1670 521 1724 vermi
545 1684 597 1724 non
620 1666 775 1725 moriturob
796 1667 914 1731 dandos,
968 1637 1073 1693 ’ΨΜ
1271 1709 1385 1768 CAPUT
1405 1710 1448 1766 LV

125 1763 238 1819 sudluci
262 1764 327 1819 solis
342 1765 455 1820 claritati
480 1763 639 1831 equandus,
659 1777 690 1816 ac
710 1759 836 1815 dominici
855 1750 955 1814 eor-B
1275 1823 1281 1834 Ι
1389 1832 1391 1836 Δ
1450 1747 1475 1833 ⁶·
1520 1821 1527 1834 ι

125 1853 198 1923 poris
216 1854 429 1913 conformatione
440 1855 633 1914 clarillcandos.
655 1854 725 1909 Sunt
744 1863 833 1906 autem
859 1852 918 1903 buc
1131 1822 1169 1879 υ*
1182 1821 1297 1878 ΝΜ
1312 1820 1474 1877 mmm
1485 1828 1613 1892 ‘imm

124 1948 555 2021 sepuleraiulratermiuumquern
570 1945 829 2018 superiusdiximua,
846 1941 917 2014 apud
1005 1935 1134 1994 llelanius
1149 1943 1266 1991 tantem
1281 1931 1443 1988 Rbedurrieae
1453 1931 1525 1988 urbis
1536 1933 1761 2002 episcopus,port

125 2040 213 2092 ticum
225 2041 337 2093 lttroam
350 2050 373 2095 θ.
967 2028 1203 2086 innumerabilium
1215 2027 1292 2098 signa
1303 2025 1442 2092 virtutum,
1452 2016 1551 2095 iugiter
1559 2026 1679 2080 intentus
1691 2026 1761 2080 eoelu

424 2156 539 2215 CAPUT
556 2157 612 2215 U„
968 2122 1078 2177 emicuit
1093 2120 1192 2176 saeclo
1207 2135 1214 2174 a
1228 2133 1309 2190 super
1318 2116 1396 2189 euius
1409 2116 1559 2185 sepulerum
1573 2099 1668 2171 miram
1680 2115 1759 2171 Cirri-

616 2198 624 2213 ⁹
968 2213 1046 2268 stiatti
1070 2212 1197 2267 fabricam
1223 2206 1385 2266 celsitudine
1410 2205 1568 2262 levaverunt
1595 2206 1663 2278 (ilo.
1687 2201 1759 2271 53⁰,

968 2301 1092 2373 iillum).
1108 2303 1163 2360 Sed
1177 2301 1303 2358 instinctu
1315 2297 1436 2368 maligni,
1448 2299 1493 2369 qui
1506 2312 1612 2366 semper
1626 2288 1762 2353 bonisarl·

170 2383 347 2437 Thaumastus
357 2382 370 2420 ἀ
384 2380 584 2454 quoque,jtt1lr‘l
595 2382 789 2450 expositionem
801 2379 916 2435 nominib
967 2403 1090 2450 gemm
1099 2390 1239 2463 operibus,
1251 2390 1364 2461 quodam
1381 2397 1499 2458 tenrpofe
1513 2386 1547 2441 ab
1559 2388 1622 2456 igne
1632 2403 1760 2457 compre.

125 2475 190 2537 sui,
220 2475 384 2528 admirabilis
412 2476 575 2538 sanctitate,
603 2471 821 2527 llomociareusis
843 2470 918 2525 urbis
969 2484 1104 2540 hagiam,
1124 2478 1197 2539 putta
1215 2481 1315 2538 eternus
1330 2489 1390 2536 erat
1407 2481 1476 2561 linea
1496 2478 1560 2552 [ott.
1576 2480 1687 2553 ligueal,
1703 2496 1761 2551 qua

127 2565 211 2620 f⁸i⁸⁸0
234 2565 317 2619 '⁶¹¹⁰‘
341 2566 482 2634 el³i⁸0⁰ius
501 2581 510 2618 ²
528 2565 562 2617 ‘¹⁰
589 2577 641 2633 qua
672 2562 738 2616 urbe
756 2562 846 2616 ”3⁰5⁰
865 2574 917 2629 ΨΜ
968 2582 1091 2630 unctum
1116 2570 1282 2627 Conlessoria
1300 2569 1406 2641 tegebat
1425 2569 1577 2638 sepulcrum
1594 2586 1601 2621 :
1618 2568 1704 2634 ilicet,
1719 2570 1761 2624 ubi

126 2670 208 2710 ⁰³¹¹³²
233 2657 372 2721 dedimus,
398 2655 537 2710 Plemini
560 2652 690 2723 *lividum
717 2652 806 2720 petiit,
830 2651 918 2720 ibique
969 2667 1103 2735 tignorum
1128 2663 1267 2733 congeries
1292 2658 1398 2714 damma
1423 2660 1580 2714 dominante
1609 2670 1758 2726 truncatur,

127 2756 289 2814 limium
306 2747 398 2812 uitam,
425 2746 451 2800 5¹¹
476 2745 545 2799 ¹³⁰⁰·
568 2743 713 2812 veniundi
737 2740 916 2806 0⁰¹¹fei⁵i⁰¹10=
968 2765 1050 2808 ruuut
1064 2753 1159 2821 tegulae
1169 2765 1229 2806 cum
1242 2750 1372 2818 ligaturis,
1387 2758 1414 2803 ct
1429 2749 1531 2818 reliquo
1543 2749 1605 2803 tecti
1617 2758 1758 2817 apparatu.

126 2840 211 2894 ttutm
228 2841 312 2911 (aar...
329 2837 440 2909 lieu).
452 2837 500 2892 Cui
514 2853 573 2908 11¹·ae
587 2839 621 2892 sit
633 2848 735 2891 uteret!
749 2835 776 2889 in
791 2834 869 2898 toel⁰t
884 2832 919 2888 td
969 2842 1028 2900 Una
1044 2852 1132 2898 urnen
1148 2857 1164 2897 e
1176 2841 1298 2897 trabibus
1313 2835 1449 2895 flammato
1461 2839 1549 2909 capite
1562 2839 1664 2908 impetu
1675 2839 1759 2893 ruioae

127 2930 187 2997 ejus
197 2930 347 2984 ostenditur
360 2930 505 2995 tumulum;
522 2943 636 2998 eumque
650 2926 800 2981 inhabitare
814 2924 919 2994 paradi·
969 2933 1107 3003 propulsu,
1122 2944 1204 3000 super
1216 2928 1345 2984 tumulum
1358 2928 1449 2984 sancti
1460 2929 1522 2983 ruit.
1533 2927 1599 2995 Quae
1614 2941 1669 2982 non
1681 2928 1759 2982 modo

128 3035 185 3074 auru
202 3022 291 3091 prodit
304 3022 388 3075 virtus
403 3020 542 3091 egrediens
554 3020 588 3075 de
602 3018 726 3089 sepulcro
742 3034 749 3071 a
763 3018 881 3087 illudque
891 3018 918 3071 in
970 3023 1135 3080 succendere
1151 3022 1260 3093 pallam,
1271 3036 1364 3077 terum
1382 3020 1462 3075 etiam
1483 3029 1624 3077 eurrterere
1642 3020 1716 3077 iuter
1733 3034 1760 3076 se

128 3128 160 3166 eo
172 3113 302 3165 voraciter
315 3112 472 3177 ostenditur,
486 3110 557 3180 quod
569 3110 697 3164 Dominus
707 3109 786 3164 lesus
797 3107 918 3162 Christus
933 3121 956 3184 c
970 3125 998 3172 et
1025 3115 1139 3183 lapidem
1164 3113 1279 3184 sepulcri
1302 3122 1435 3182 potuerat.
1461 3114 1522 3168 ttutt
1542 3115 1653 3184 insuper
1671 3124 1701 3171 et
1714 3115 1761 3169 im.

128 3216 153 3254 tn
172 3200 314 3269 Evangelio
333 3201 443 3256 llartbae
457 3202 523 3256 dicit
539 3218 548 3253 ἱ
563 3201 612 3268 Qtti
626 3199 707 3253 credid
726 3199 754 3252 itt
772 3213 822 3262 me,
841 3200 919 3252 elium
971 3220 1062 3261 mensa
1083 3204 1225 3260 multitudo
1239 3204 1397 3259 carbonum,
1419 3205 1479 3259 Alia
1494 3219 1602 3275 quoque
1616 3205 1689 3272 vela·
1704 3220 1760 3277 qua

128 3293 148 3344 ti
166 3294 300 3357 moriatur,
319 3293 378 3346 uiuit
396 3303 407 3330 ‘
426 3304 471 3347 :et
483 3292 564 3346 curnis
573 3293 617 3362 qui
628 3292 686 3345 uiuit
699 3301 724 3345 et
733 3291 812 3344 credit
827 3290 854 3342 in
868 3306 918 3355 are,
969 3295 1013 3350 vel
1035 3294 1186 3366 parietibus
1199 3294 1242 3349 uel
1265 3293 1342 3349 ostiis
1362 3294 1558 3364 dependebant,
1583 3296 1617 3351 ad
1645 3299 1759 3366 primum

129 3399 178 3437 uuo
190 3386 312 3437 morietur
324 3384 351 3437 r'u
361 3395 483 3438 utonem
494 3380 586 3455 (douo.
601 3398 644 3451 m,
671 3381 716 3450 25,
728 3381 787 3451 ati).
800 3381 920 3451 llicergo
971 3383 1087 3440 dammae
1101 3384 1193 3439 datum
1208 3394 1305 3441 exusta
1318 3396 1390 3440 sunt.
1405 3376 1471 3440 llaec
1482 3401 1547 3441 reru
1561 3386 1631 3455 palla
1649 3403 1703 3441 nou
1717 3403 1758 3442 so·

128 3488 207 3543 super
228 3487 325 3529 terram
350 3477 499 3544 sepulerum
524 3474 605 3530 babet
627 3482 690 3529 ante
710 3472 798 3543 ipsum
822 3472 918 3526 atrium
970 3476 1024 3530 lum
1037 3489 1089 3529 rrou
1103 3483 1279 3541 astutorum
1293 3475 1434 3530 etiamnec
1447 3489 1552 3529 summo
1564 3477 1690 3531 teousalr
1704 3479 1758 3548 igne

129 3562 200 3619 beati
217 3567 317 3619 llilarii.
334 3567 439 3637 Deque
455 3567 662 3621 tumuloerasus
678 3581 691 3618 a
710 3565 801 3621 multis
821 3564 918 3635 pulsis,
970 3567 1124 3623 decolorata
1142 3577 1182 3622 est
1193 3563 1219 3619 i.
1234 3565 1314 3637 igitur
1335 3569 1442 3638 expleto
1459 3567 1594 3634 incendio,
1611 3570 1759 3639 ingrediun-

1190 788 1229 844 De
1243 788 1360 858 bupiauo
1373 787 1530 857 consessore.

288 2271 324 2324 lle
336 2274 454 2342 repetere
469 2269 615 2324 'l'ltuttutuati
625 2267 747 2339 episcopi.

129 3664 157 3708 ot
175 3657 298 3724 haustus,
316 3657 351 3710 ita
368 3654 454 3711 dolori
468 3656 588 3710 dentium
603 3655 771 3726 lebriumque
786 3655 918 3721 medetur,
970 3666 1015 3714 tur
1034 3656 1125 3729 pupuli
1145 3673 1206 3713 eum
1227 3658 1328 3729 ejulatu
1349 3673 1456 3729 maguo,
1477 3668 1608 3742 etOusque
1627 3660 1664 3717 ad
1683 3658 1758 3733 939

171 3819 184 3846 ·
205 3808 376 3864 canonizatio
389 3811 452 3866 olim
474 3827 521 3882 per
535 3813 710 3867 elevationem
729 3812 849 3879 eorporis
870 3812 920 3868 de·
970 3828 1026 3868 sem
1053 3828 1113 3869 esse
1140 3813 1260 3882 plerique
1282 3812 1383 3878 volunt,
1413 3813 1534 3869 labbeus
1556 3822 1584 3869 et
1606 3815 1756 3871 castaneus

128 3877 211 3935 turtur
227 3897 241 3932 a
258 3892 326 3934 terra
340 3883 430 3944 lleltat,
453 3896 534 3951 super
555 3883 625 3950 qarod
647 3882 733 3937 altare
757 3883 919 3951 erigebatur.
971 3883 1165 3938 blurtateusem.
1189 3883 1216 3936 ln
1234 3883 1330 3938 tabulis
1349 3886 1533 3953 geographicis
1547 3887 1647 3939 veteris
1668 3887 1754 3941 cattia

131 3951 207 4004 llnde
220 3966 342 4020 maguum
359 3956 506 4006 sanctitutis
519 3952 646 4007 iudicium
660 3963 727 4017 erat,
744 3952 767 4005 si
792 3953 921 4007 miraculo
970 3969 1051 4021 sttpra
1070 3955 1168 4007 liuram
1183 3954 1291 4006 durium
1308 3953 1420 4007 liabetur
1432 3954 1457 4006 in
1473 3953 1638 4008 Riteruorruu
1654 3956 1756 4022 llrubus,

130 4021 242 4090 alicujus
257 4023 433 4088 sepulcruma
450 4035 519 4076 terra
534 4023 634 4090 absque
650 4023 786 4076 burdinum
802 4024 922 4078 ministe-
971 4022 1169 4082 llouroiacuur.
1194 4037 1228 4078 eo
1256 4025 1326 4086 loco,
1353 4023 1397 4077 ubi
1423 4024 1490 4076 situs
1515 4034 1555 4077 eat
1580 4026 1754 4095 Mourmagus,

34 4092 39 4100 '
133 4091 173 4144 rio
195 4093 360 4146 elevabatur.
379 4092 454 4158 Quod
471 4102 564 4146 saneto
579 4093 726 4148 liructoreo
737 4093 823 4162 primo
835 4093 921 4148 sancti
971 4095 1098 4164 oppidum
1110 4093 1165 4162 iam
1183 4103 1244 4146 tunc
1261 4092 1388 4160 temporis
1406 4095 1522 4157 celebre,
1538 4095 1618 4164 vulgo
1641 4095 1755 4149 lirinum.

129 4160 254 4215 Gerruani
269 4178 283 4215 a
300 4163 385 4216 l’ratis
400 4164 488 4216 abbati
515 4164 634 4231 contigit,
651 4163 752 4231 eteius
767 4163 835 4230 l'ita,
846 4179 920 4216 nunt.
972 4169 1007 4219 At
1020 4178 1149 4232 nusquam
1165 4164 1261 4231 legitur
1271 4161 1306 4215 ibi
1320 4165 1473 4230 episcopum
1486 4163 1599 4218 sedisse.

134 4229 178 4295 l8,
193 4246 255 4285 saec.
276 4247 285 4286 t
307 4237 366 4286 bct.
382 4241 533 4287 sanctorum
554 4233 613 4288 ord.
631 4235 742 4296 bened..
766 4248 827 4300 pag.
845 4231 920 4287 257:
1008 4241 1021 4270 0
1039 4233 1099 4295 Ed..
1116 4243 1230 4286 ururtuur
1244 4232 1319 4302 sarrit
1332 4233 1407 4286 otuu.

133 4321 144 4352 r
165 4300 235 4356 llrua
251 4300 310 4372 ejus
325 4303 417 4357 tumuli
433 4318 480 4372 per
497 4304 597 4371 aliquot
612 4318 697 4357 annua
709 4314 843 4357 commota
856 4317 921 4372 pau·
1009 4302 1019 4339 ¹
1037 4304 1158 4356 deteorts
1176 4302 1225 4356 luit
1245 4307 1319 4355 locus
1335 4303 1390 4366 ille,
1411 4301 1455 4369 nui
1472 4316 1539 4370 pago
1560 4317 1656 4356 nomen
1677 4301 1757 4367 dedit,

60 4373 62 4376 ’
131 4371 203 4425 latim
234 4388 315 4442 super
348 4381 447 4427 terram
480 4373 567 4440 exegit
596 4372 690 4426 altare.
724 4372 920 4426 ilaliitationem
972 4372 1088 4442 indeque
1100 4373 1218 4425 uonnulli
1235 4372 1372 4425 Pictonum
1387 4373 1521 4425 arrtistrtes
1538 4373 1693 4426 liutiuteuris
1708 4375 1759 4443 epi·

130 4443 227 4512 quippe
242 4444 267 4496 iu
284 4455 352 4497 terra
369 4444 514 4499 virentium
530 4443 641 4512 adeptus
652 4440 750 4508 luerat,
762 4443 859 4496 morari
879 4444 919 4495 iu-
933 4474 959 4533 D
971 4445 1042 4514 scopi
1062 4443 1165 4495 titulum
1182 4444 1274 4495 tulere.
1293 4440 1377 4494 llarirn
1389 4453 1477 4494 autem
1491 4450 1553 4495 aunt
1567 4447 1708 4497 sententie
1721 4445 1752 4496 de

131 4525 173 4566 ter
187 4515 315 4568 utubituut
340 4526 418 4570 terrae
443 4514 612 4568 morientium
636 4513 743 4584 pertitus
759 4527 813 4565 nou
838 4512 920 4567 debe·
973 4515 1050 4581 lrttjus
1068 4512 1117 4566 luci
1137 4513 1199 4568 situ.
1217 4511 1281 4564 llide
1296 4512 1417 4564 notitiam
1431 4510 1500 4565 Gall.
1523 4512 1631 4567 lalesii.
1652 4513 1759 4580 turriani

131 4583 185 4636 but.
202 4604 210 4634 r
715 4612 718 4616 Δ
973 4585 1069 4637 testum
1084 4583 1185 4650 aliquot
1199 4579 1385 4649 llartyrolugia
1399 4580 1443 4635 die
1458 4581 1470 4634 l
1487 4580 1605 4637 lanuarri
1622 4587 1760 4637 celebrant

169 4651 268 4707 butor.
282 4669 309 4717 a,
324 4669 382 4707 rum
399 4655 448 4707 tto.
468 4672 474 4706 :
492 4653 552 4707 Nou
567 4652 645 4705 uermi
658 4652 795 4705 urorumoa
810 4651 918 4705 dandos.
972 4664 998 4707 et
1023 4652 1222 4705 translationem
1245 4653 1314 4719 apud
1333 4652 1559 4706 clarummontem
1587 4655 1632 4707 die
1650 4652 1665 4706 l
1686 4652 1757 4713 lolii

97 4770 102 4790 ,
169 4731 180 4758 t
197 4722 273 4774 Foro·
292 4726 430 4792 legendum
446 4726 534 4786 Atura,
556 4739 602 4777 seu
624 4726 714 4786 alteru,
731 4725 801 4774 undo
823 4738 919 4776 rrrrrueu
972 4736 1051 4791 quem
1068 4721 1128 4776 ideo
1140 4722 1309 4789 suspicantur
1323 4723 1439 4775 nonnulli
1454 4719 1536 4774 luisse
1554 4722 1717 4790 Arrenrum,
1734 4737 1761 4777 et

132 4790 213 4845 Vicus
230 4793 292 4845 tutti
313 4795 457 4864 acceperit,
478 4795 547 4862 qtrrtd
567 4795 698 4862 lrudiurpte
720 4793 826 4858 retituet,
841 4795 920 4864 vulgo
971 4795 1053 4845 alium
1068 4793 1180 4845 aaancti
1194 4791 1286 4845 llilarii
1299 4791 1440 4859 discipulo.

131 4864 201 4916 Airr.
1008 4862 1090 4914 tlloe
1104 4871 1183 4929 caput
1196 4861 1270 4914 deest
1287 4862 1312 4914 in
1326 4862 1400 4915 Colli.
1424 4868 1474 4913 tut.
1496 4861 1610 4917 Sanctus
1632 4862 1760 4918 llelauius

166 4929 180 4969 l
194 4931 333 5000 lloeeaput
345 4942 371 4985 et
381 4931 495 5002 quinquo
505 4947 580 5002 seqq.
591 4932 731 4986 nonhabet
741 4931 846 4986 Clana.
856 4931 918 4986 lisa.
971 4932 1128 4994 srrbscrrpsit
1141 4932 1253 4985 concilio
1264 4947 1272 4984 r
1282 4932 1416 4986 aorettao.
1427 4946 1470 4983 arr.
1483 4929 1544 4984 δή.
1558 4933 1629 4987 oortt
1641 4950 1685 4987 sn.
1698 4931 1759 4997 Siti,

131 5003 918 5070 ornnescumBad.,'l'lteourustus,praeterllutuerpiensem,
971 5001 1016 5056 de
1032 5002 1048 5052 ti
1067 5000 1235 5066 Nutertrbris,
1251 5016 1303 5070 quo
1325 5000 1394 5069 apud
1417 5000 1559 5056 llltedunes
1584 5005 1691 5066 colitur,
1718 5012 1762 5053 aut

131 5072 177 5142 qui
199 5073 278 5128 ltabet
301 5073 461 5127 l'iourostut.
477 5071 595 5126 Nominis
612 5082 719 5140 etymon
732 5074 802 5140 quod
817 5071 920 5144 Grego-
971 5081 1044 5126 certe
1055 5085 1100 5125 an.
1117 5073 1248 5139 sequenti,
1265 5072 1287 5123 si
1301 5086 1380 5123 verus
1395 5071 1482 5123 obitus
1495 5074 1553 5126 dies
1568 5073 1592 5124 in
1604 5071 1762 5142 llartyrolu·

134 5145 189 5198 rius
199 5145 285 5211 aller-t,
301 5156 418 5198 nostram
432 5144 572 5196 lectionem
583 5143 675 5214 exigit.
688 5143 782 5196 llirum
793 5151 834 5196 cst
847 5141 919 5196 bunc
972 5142 1017 5213 gio
1033 5142 1150 5193 ltruuano
1165 5143 1315 5210 assignatur
1325 5154 1372 5194 rut
1384 5138 1444 5194 ldus
1456 5141 1582 5195 lanuini.
1601 5143 1668 5195 tuda
1681 5143 1762 5195 doto-

133 5225 254 5268 sauetum
277 5217 419 5284 rreuuidem
435 5212 460 5266 in
479 5213 591 5267 eor-lesia
615 5211 698 5265 sancti
723 5211 814 5265 llilarii
834 5214 919 5266 Pieta-
974 5214 1039 5265 tium
1056 5210 1088 5263 ad
1106 5225 1150 5263 au.
1167 5210 1232 5276 billi,
1249 5225 1323 5263 nunr.
1339 5210 1355 5263 'l
1369 5220 1396 5265 et
1409 5225 1497 5280 seqq„
1510 5223 1537 5266 et
1559 5213 1717 5267 bollandum
1730 5211 1761 5264 ad

133 5288 221 5338 sensis
240 5287 379 5351 celebrari,
397 5299 445 5338 nec
467 5285 492 5339 in
511 5283 610 5336 litaniis
630 5281 772 5336 Pictonicis
790 5282 918 5336 ludovici
972 5281 1042 5335 diem
1065 5283 1082 5335 tt
1103 5280 1230 5344 ianuarii,
1251 5282 1296 5334 ubi
1318 5280 1446 5350 ejostttta
1472 5283 1625 5335 exturbetur.
1649 5287 1763 5356 &renum

133 5355 274 5417 castanei,
289 5356 332 5410 ubl
344 5354 509 5410 solummodo
522 5355 548 5407 iu
559 5351 689 5406 addendis
701 5353 812 5407 lrabetur
823 5367 856 5406 et
868 5355 919 5407 boc
971 5352 1053 5420 ipsius
1072 5365 1170 5419 eorpus
1188 5362 1342 5405 asservatur
1359 5349 1386 5403 in
1406 5355 1566 5405 monaterio
1582 5350 1643 5421 ejus
1659 5353 1761 5405 oomni

133 5420 253 5492 Gregorii
275 5426 344 5479 lrico.
363 5427 519 5496 Sepulcrum
534 5435 621 5477 tamen
636 5422 694 5492 ejus
710 5423 804 5476 visitur
818 5424 844 5476 in
860 5437 920 5475 ora·
971 5422 1059 5475 dicatu
1080 5421 1141 5474 ord.
1162 5422 1246 5474 saneti
1269 5421 1404 5474 lleuedieti
1421 5431 1447 5473 et
1461 5434 1540 5491 cong.
1559 5420 1644 5475 sorren
1666 5423 1763 5486 llauri,

135 5495 203 5545 torro
218 5497 300 5547 sancti
318 5498 504 5551 ltartlrolumaui
522 5508 603 5563 prope
618 5493 704 5546 saneti
722 5492 811 5546 llilarii
828 5493 920 5545 basili·
971 5491 1047 5558 cujus
1060 5493 1121 5555 loci,
1135 5491 1172 5543 uti
1187 5490 1302 5553 ridetur,
1313 5491 1396 5543 abbas
1409 5489 1457 5544 luit
1470 5491 1614 5555 llertultrts,
1626 5494 1671 5559 um
1682 5505 1762 5544 corre.

111 5586 113 5590 >
133 5576 203 5624 cant,
220 5564 364 5628 etquidem
381 5566 486 5620 celebre
501 5567 535 5618 ob
551 5565 649 5616 colicos
671 5563 788 5625 dolores,
808 5577 875 5630 quos
893 5563 920 5617 iu
972 5560 1207 5623 eaottoouosimn.
1220 5559 1342 5630 bbll‚pru
1356 5560 1497 5615 lluroteru
1508 5565 1593 5633 epi-c.
1606 5562 1764 5617 lli-dunensi

111 5633 223 5701 'pueris
241 5634 336 5686 sedare
359 5634 465 5688 dieitur.
490 5634 526 5687 lle
548 5634 613 5687 urbe
634 5647 698 5687 reru
717 5633 920 5687 llorouciorensl
971 5630 1137 5695 subscripsi.

134 5703 250 5759 ditituus
264 5704 296 5758 ad
313 5702 357 5758 titi.
372 5718 396 5756 ur
411 5705 476 5758 illst.
492 5719 551 5772 cap.
566 5702 612 5769 att,
627 5717 707 5770 quiam
724 5700 920 5772 lloguutiaeen·
1007 5699 1021 5738 i
1037 5700 1119 5754 Laud.
1136 5714 1197 5754 euin
1214 5699 1276 5769 ild,
1293 5697 1446 5755 cede-rorata
1460 5710 1507 5754 rat.
