3794 6128
90 302 93 307 ·
134 256 186 357 'is
920 288 1131 355 samniam.

61 496 65 503 Ι
148 418 361 497 porrigebatur,
376 434 436 481 nou
460 420 579 494 quidem
602 418 635 479 in
655 434 717 493 ore,
733 420 778 481 uti
789 418 877 479 hodie
894 418 938 491 ut,
953 418 1162 480 sedhaacram.
1177 424 1363 483 Ministertam
1378 440 1448 485 vero
1460 428 1653 500 quotidianam
1663 448 1736 509 appe

149 510 271 587 singuli,
285 510 372 571 ctiam
386 508 463 581 laici,
477 523 542 567 eam
555 524 643 568 manu
661 508 776 584 propria
795 514 942 583 sumptam
961 506 1001 566 si-
1042 506 1192 570 lummodo
1218 528 1307 585 vasa,
1325 532 1393 589 quat
1415 516 1513 576 Missae
1533 518 1714 583 celebrandae

145 598 238 661 bimet
252 600 324 675 ipsis
337 600 381 659 ori
394 598 590 673 imponebant.
599 598 735 659 Mulieres
743 606 838 659 tamen
849 613 909 658 non
922 598 1001 657 nuda
1041 596 1171 657 absolute
1189 610 1281 675 erant,
1299 602 1328 661 id
1348 614 1400 676 est,
1416 610 1576 679 patenulam
1586 628 1736 683 paream

146 704 248 761 manu,
263 690 307 749 uti
321 704 359 747 ea
374 688 440 747 aliis
454 690 651 748 monumentis
664 690 812 759 discimus,
823 690 1001 765 accipiebant
1041 702 1108 759 quta
1124 688 1270 750 Maximus
1292 694 1443 769 presbyter
1464 696 1496 754 in
1519 698 1622 758 itinere
1640 702 1736 761 consu·

146 778 371 851 Eucharistiam,
387 776 437 837 sed
451 794 488 837 er
502 793 535 836 ea
547 779 579 837 in
593 779 667 849 velo,
684 780 759 855 quod
774 781 862 853 vulgo
872 781 1000 840 orarium
1041 777 1139 836 codice
1149 778 1373 853 Evangeliorum
1390 788 1419 841 in
1432 788 1499 843 collo
1514 804 1647 861 seospeasa
1656 790 1736 851 deler

144 866 338 943 appellabant,
362 883 380 927 a
404 869 602 929 sacerdotibus
619 876 741 943 recepta.
755 877 853 943 postea
867 884 999 928 commu·
1040 867 1112 925 alias
1125 868 1201 927 calix
1222 871 1253 929 in
1276 870 1371 931 Missis
1396 874 1577 934 solemnibus
1600 880 1736 954 amplissii

144 957 291 1017 nimbaut.
308 956 340 1019 Si
354 958 405 1034 qui
424 974 493 1019 aero
516 976 555 1019 en
576 958 738 1018 astantibus
758 964 864 1030 essent,
876 973 932 1017 non
946 973 999 1017 ea·
1040 957 1116 1016 sicut
1127 966 1156 1017 et
1170 968 1282 1033 patena,
1297 979 1365 1021 cum
1377 980 1413 1021 es
1428 964 1515 1023 unico
1529 966 1629 1037 calice,
1644 976 1677 1027 nt
1691 984 1736 1029 mo

144 1048 353 1110 communicati
381 1051 510 1126 quidem,
534 1050 585 1111 sed
609 1049 660 1124 qui
684 1057 792 1121 amen,
816 1057 849 1109 ut
870 1049 998 1123 loquitur
1039 1060 1115 1117 mus,
1134 1052 1490 1111 omnescommunicarent
1504 1072 1511 1124 ;
1525 1062 1554 1112 et
1568 1063 1670 1128 patena
1683 1073 1736 1117 eat

143 1140 332 1213 Hiacmarus,
353 1142 570 1201 cummunicare
589 1156 649 1200 non
669 1140 794 1200 iuissent
816 1140 918 1214 parati,
940 1139 999 1198 illis
1039 1144 1159 1210 retouar
1171 1138 1328 1197 astantium
1341 1140 1500 1199 oblationes
1513 1158 1614 1202 omnes
1626 1152 1736 1219 possete

143 1230 269 1306 eulogia
292 1232 547 1303 distribuebantur,
563 1233 594 1292 id
617 1238 661 1291 est
678 1230 788 1307 aliquid
812 1232 849 1291 de
873 1231 998 1307 panibus
1039 1225 1088 1284 sed
1107 1228 1272 1299 patenulam
1301 1228 1386 1287 istam
1412 1246 1480 1289 eum
1508 1232 1597 1292 calice
1624 1250 1723 1295 secum

142 1320 258 1394 oblatis,
274 1322 327 1399 qui
350 1323 506 1383 consecrati
533 1337 592 1381 uon
619 1323 744 1393 fuerant,
761 1327 794 1381 ut
807 1321 884 1381 idem
898 1328 997 1380 auctor
1037 1314 1194 1387 Maximus,
1210 1326 1243 1377 ut
1265 1317 1373 1377 scilicet
1391 1320 1520 1393 quotidie
1538 1329 1633 1396 posset
1650 1339 1730 1385 secia

52 1476 55 1483 ,
94 1462 104 1473 .
142 1413 329 1489 prosequitur
339 1412 371 1473 in
387 1412 527 1488 Capitulis
540 1411 611 1472 anni
625 1412 688 1485 852,
703 1418 732 1471 et
745 1411 775 1469 id
788 1410 820 1470 in
835 1414 997 1469 communio·
1039 1404 1169 1481 Singulis
1183 1408 1260 1467 enim
1275 1409 1377 1469 diebus
1391 1409 1477 1470 Missa
1491 1417 1600 1487 poterat
1614 1413 1736 1473 celebrer

141 1504 188 1559 atr
206 1508 353 1563 tensam
368 1502 451 1563 Unde
470 1518 537 1562 cum
561 1502 713 1561 Maroneus
735 1502 889 1577 chilperici
904 1502 994 1574 illius,
1037 1494 1103 1554 dem
1118 1496 1224 1556 mulier
1237 1499 1325 1558 vidua
1335 1516 1506 1573 perannum
1521 1502 1667 1576 integrum
1681 1520 1735 1576 qao

141 1594 319 1655 monasterio
342 1594 433 1654 sancti
447 1593 562 1653 Garileii
577 1592 702 1667 fugiens,
715 1593 751 1651 ad
765 1593 914 1653 basilicam
927 1610 995 1652 san-
1035 1602 1130 1643 Serum
1152 1590 1283 1645 solemnia
1304 1590 1450 1647 celebrasse
1470 1590 1586 1663 difflui,
1611 1591 1735 1665 ῢψῑῐθθ

141 1684 181 1743 cti
199 1682 319 1745 Martini
335 1686 511 1757 accessisset,
526 1686 577 1745 ubi
596 1692 666 1744 tunc
685 1684 840 1759 Gregorius
858 1702 938 1745 sacra
956 1686 996 1743 ia·
1036 1677 1133 1737 Gloria
1153 1680 1366 1751 tlonlessorum,
1387 1682 1424 1740 ob
1438 1682 1467 1740 id
1491 1681 1600 1742 scilicet
1623 1683 1729 1755 solum,

140 1770 244 1845 ciebat,
257 1778 320 1847 post
343 1777 455 1841 Maras,
480 1774 563 1848 petiit
588 1772 717 1846 eulogias
742 1771 798 1832 sibi
820 1789 837 1831 a
856 1767 1159 1849 Gregoriosscessaria
1182 1769 1218 1827 ad
1239 1769 1419 1830 offerendum
1445 1772 1621 1832 sacrificium
1647 1772 1736 1833 minis

139 1858 213 1921 dari.
228 1858 312 1931 Quod
334 1878 402 1923 cum
428 1860 478 1922 ilie
499 1863 594 1922 iacere
615 1862 769 1935 renuisset,
785 1861 936 1921 Meioreus
963 1878 994 1922 se
1034 1858 1121 1915 etiam
1140 1858 1195 1931 ipsi
1220 1858 1379 1929 interesset,
1407 1868 1438 1919 ut
1463 1876 1500 1918 ex
1517 1860 1618 1935 capitis
1642 1868 1736 1921 contm

137 1950 319 2011 immeritum
350 1968 368 2010 a
409 1956 593 2009 communione
619 1970 779 2025 suspensam
806 1957 992 2027 conquestae,
1034 1942 1626 2023 ⁰0¹¹igi111s·BfflstSVtPOffiSSilSSifltiflfiS
1642 1950 1736 2009 Domii

139 2040 232 2101 muita
253 2042 382 2101 minatus
401 2047 445 2100 est
464 2042 496 2101 in
520 2042 624 2100 urbem
637 2042 836 2102 'turonensem
860 2042 937 2101 mala
963 2059 993 2101 se
1033 2032 1133 2090 brabit
1149 2032 1273 2094 Severus
1286 2037 1445 2112 presbyter,
1459 2055 1496 2097 ex
1510 2040 1601 2113 capite
1614 2040 1649 2098 50
1663 2040 1736 2114 ejusc'

137 2132 295 2205 mierum,
310 2132 369 2192 nisi
381 2133 506 2207 episcopi
517 2136 728 2190 commonionem
742 2138 909 2192 mereretur.
926 2132 993 2191 Istis
1033 2122 1065 2179 in
1075 2121 1307 2186 duabussciiicet
1322 2127 1411 2189 viliis.
1426 2145 1518 2204 quaea
1529 2146 1560 2188 so
1570 2130 1696 2190 invicem
1703 2130 1736 2199 vi,

137 2234 223 2309 porro
240 2220 364 2294 eulogiis
383 2221 521 2279 successit
542 2221 636 2295 panis,
656 2227 688 2280 ut
712 2226 825 2293 vocarit,
848 2221 992 2279 benedicti
1034 2213 1108 2271 lium
1128 2218 1219 2289 spatio
1242 2218 1350 2278 dissita
1372 2226 1463 2281 crant.
1488 2221 1621 2294 Mariique
1642 2222 1677 2281 ad
1701 2220 1736 2281 Mi

136 2306 314 2381 distributio,
334 2324 402 2385 quae
429 2310 582 2385 hodieque,
602 2310 786 2384 potissimum
808 2310 841 2369 in
865 2310 992 2369 ecclesiis
1033 2303 1160 2363 lemnam
1172 2306 1242 2365 bora
1256 2308 1348 2375 tertia,
1362 2326 1451 2383 quam
1471 2310 1555 2368 hodie
1569 2326 1676 2370 aonam
1689 2310 1736 2371 dio

135 2398 360 2475 parochialibus,
372 2400 532 2459 Dominicis
549 2398 651 2459 diebus
662 2400 724 2458 lieri
734 2400 815 2459 solet.
827 2400 921 2474 hique
930 2402 992 2459 bac
1032 2392 1134 2465 butum
1147 2398 1317 2456 convenisse
1330 2406 1464 2457 narratur
1474 2399 1505 2457 in
1520 2399 1594 2458 Vitis
1607 2400 1736 2471 Patrem,

136 2494 206 2549 sunt
218 2504 288 2564 quae
302 2488 338 2547 de
351 2488 508 2548 Missurum
523 2489 715 2548 celebratione
727 2505 764 2547 ea
780 2489 868 2549 variis
883 2490 990 2565 Grego·
1067 2483 1112 2541 49·
1131 2483 1279 2545 Ministros
1293 2487 1481 2560 abaciacum
1510 2506 1587 2548 Sitti
1616 2489 1727 2559 fitttssb

28 2584 33 2593 “
133 2576 173 2639 rii
191 2576 263 2637 locis
284 2577 418 2652 colligere
440 2578 531 2649 licuit,
551 2595 588 2637 ea
606 2576 713 2653 quibus
728 2576 924 2649 imbibamus,
939 2578 991 2636 ad·
1031 2576 1116 2636 datos
1134 2578 1222 2637 tuisse
1238 2580 1378 2637 discimus
1400 2596 1437 2638 ex
1457 2596 1567 2638 canone
1587 2578 1620 2638 ta
1635 2578 1736 2639 concili

16 2732 25 2737 ,
130 2668 242 2743 junctis
264 2685 304 2729 ex
329 2669 455 2729 aliorum
478 2676 628 2729 auctorum
653 2667 852 2742 compluribus
864 2668 990 2727 testimo·
1030 2668 1140 2737 nensis,
1154 2669 1228 2744 quod
1243 2686 1319 2728 ariao
1333 2669 1384 2727 589
1398 2669 1530 2729 habitum
1543 2676 1594 2727 est.
1606 2668 1686 2728 idem
1701 2669 1736 2729 in*

134 2756 204 2831 abs,
219 2757 397 2819 Gallicanam
413 2758 562 2833 liturgiam
575 2758 737 2833 plurimum
750 2758 916 2819 illustrauit.
934 2759 990 2818 Nos
1030 2754 1129 2827 gorius
1142 2756 1172 2814 in
1188 2756 1261 2814 libro
1276 2755 1312 2814 de
1325 2756 1423 2816 Gloria
1437 2758 1651 2823 confessorum.
1667 2757 1736 2832 capit

133 2862 215 2923 vero,
229 2853 263 2909 ut
276 2847 391 2908 iacilius
404 2849 511 2923 cuique
525 2853 619 2922 pateat
631 2850 766 2923 quisnam
776 2848 942 2910 fuerittunc
952 2850 989 2909 il·
1030 2842 1129 2903 laudat
1148 2846 1319 2902 sacerdotum
1346 2864 1379 2901 oc
1394 2848 1539 2903 tet-irarum
1564 2852 1593 2903 ia
1608 2848 1680 2903 albis
1702 2862 1736 2903 oa

132 2936 194 2999 lius
207 2940 291 3009 ritus,
314 2940 460 3013 specimen
476 2938 583 3010 Missae,
601 2946 744 3013 quantum
768 2940 811 2998 ias
833 2940 897 3013 erit,
913 2941 989 2999 inte·
1029 2936 1173 2989 minimam
1201 2936 1320 2999 caeram,
1334 2934 1384 3009 qui
1411 2934 1528 2993 oratorii
1542 2936 1587 2993 sui
1601 2934 1736 2995 dealitatis

132 3044 194 3105 gree
217 3045 256 3089 eii
281 3028 408 3103 liturgiis
432 3034 461 3089 et
491 3031 556 3090 aliis
593 3031 790 3090 monumentis
824 3033 862 3091 ab
887 3034 989 3093 eodem
1029 3019 1094 3078 luit.
1110 3020 1144 3078 In
1158 3021 1250 3094 capite
1263 3021 1297 3080 ll
1311 3022 1457 3091 ilistoriea,
1472 3022 1550 3096 quod
1564 3021 1595 3079 in
1608 3021 1736 3081 aliisedi:

25 3178 35 3187 ,
132 3116 303 3179 Mabillouio
329 3117 414 3178 editis
444 3120 624 3193 proferemus
650 3120 683 3179 in
708 3120 866 3196 appendice
897 3114 1249 3206 huJusGarcbidiaconus
1265 3116 1380 3171 tralatas
1395 3117 1459 3171 albe
1473 3114 1651 3189 episcopum,
1665 3120 1696 3172 at
1709 3132 1736 3173 nr

129 3204 300 3267 voluminis.
1028 3205 1118 3264 altare
1134 3205 1271 3263 invitasse
1297 3213 1483 3276 memoratur,
1506 3213 1537 3264 ut
1555 3206 1659 3264 natalis
1677 3204 1736 3265 Doti

48 3366 52 3373 ¹
165 3294 449 3367 subsanatorem
465 3313 531 3357 cum
550 3298 713 3357 reverentia
725 3298 760 3357 ad
772 3299 872 3359 diuina
885 3304 987 3374 mpste
1027 3292 1205 3353 lemnitatem
1223 3294 1389 3354 celebraret.
1405 3298 1565 3351 albentium
1576 3310 1692 3369 quoque
1706 3296 1736 3353 dt

130 3388 176 3447 ria
187 3394 239 3448 eut
252 3389 435 3462 celebranda,
447 3393 498 3448 aut
511 3388 676 3463 recipienda
691 3390 868 3459 accederent,
885 3389 987 3449 multis
1027 3384 1111 3441 turba
1123 3384 1219 3442 aderat
1235 3385 1310 3443 beati
1325 3384 1428 3443 Nicatii
1445 3384 1650 3453 Luudusseusis
1663 3383 1736 3459 epist

130 3475 248 3537 mincis
261 3478 356 3553 prodit
369 3477 536 3553 Gregorius.
554 3478 657 3537 Narrat
681 3479 712 3538 in
735 3480 808 3539 libro
829 3479 864 3539 de
888 3479 986 3539 Gloria
1026 3473 1113 3546 quiis,
1130 3489 1168 3531 ex
1191 3472 1266 3532 libro
1290 3473 1326 3531 de
1345 3473 1442 3533 Gloria
1473 3474 1688 3545 Gontessorum,
1715 3488 1736 3533 e

9 3536 38 3561 ⁷
129 3563 304 3640 Martum,
332 3566 424 3641 capite
449 3566 495 3638 ei,
520 3566 683 3640 Epachium
711 3568 913 3643 presbyterum
939 3567 985 3627 di·
1027 3565 1222 3625 Sacerdotales
1238 3565 1451 3624 irestesaiiisin
1468 3565 1536 3624 locis
1551 3580 1736 3625 commemora

129 3654 245 3717 vinitas
255 3656 346 3715 tuisse
357 3657 494 3731 punitum
513 3659 586 3729 qaod
602 3664 771 3731 temereque
782 3668 841 3717 erat
853 3662 985 3731 indignas
1025 3674 1091 3717 mus
1105 3674 1174 3716 vero
1186 3656 1217 3715 in
1230 3656 1304 3716 libro
1319 3658 1354 3715 de
1369 3657 1443 3715 Vitis
1459 3658 1588 3729 Petrum,
1601 3656 1734 3733 capitati,

130 3762 211 3819 agere
221 3751 450 3821 presumpsisset.
472 3748 616 3807 Eumdem
631 3749 736 3821 arguit,
763 3751 840 3823 quod
855 3752 908 3811 etsi
923 3758 985 3825 post
1025 3757 1119 3809 restes
1146 3748 1254 3807 scilicet
1281 3748 1402 3821 amplas,
1431 3749 1474 3806 uti
1498 3748 1540 3806 ibi
1568 3747 1736 3807 describunt

127 3838 340 3915 gallicantum
363 3837 591 3910 bibisset,sacra
615 3845 712 3898 tamen
736 3840 873 3915 mysteria
896 3857 984 3901 ausus
1027 3836 1106 3896 lestis
1122 3835 1304 3911 paschalibus
1329 3836 1510 3895 sacerdotum
1531 3836 1663 3895 humeris
1686 3836 1736 3911 imp

126 3926 231 3988 imsset
252 3927 416 3987 celebrare:
433 3930 520 4000 Quod,
537 3928 645 4003 inquit,
657 3931 771 4001 jejunus
791 3934 908 4003 quaeqae
930 3951 985 3989 non
1025 3935 1094 3987 erat.
1109 3925 1239 4000 idipsum
1257 3934 1299 3985 est
1318 3927 1536 3989 vestimentum.
1555 3926 1585 3983 ni
1606 3924 1736 4001 iallor,cp

37 4060 41 4067 .
127 4018 273 4073 ammeta
281 4021 371 4089 potest
385 4022 500 4073 terrente
515 4019 838 4090 corosatmttaeeptt'care,
854 4020 985 4093 etcopite
1025 4024 1088 4075 ctus
1104 4015 1256 4089 Remigius
1275 4018 1463 4089 amphibolam
1482 4018 1574 4071 albara
1585 4016 1736 4087 paschales

128 4104 314 4183 precedenti,
330 4104 452 4175 mamea
465 4120 522 4159 esse
545 4108 571 4159 ct
589 4106 748 4177 plangendo
761 4108 862 4163 scelera
876 4112 983 4179 monet,
1025 4105 1057 4164 in
1082 4121 1135 4164 suo
1161 4112 1340 4177 testamento,
1353 4120 1441 4179 quem
1470 4105 1602 4179 episcopo
1631 4102 1685 4161 sibi
1713 4118 1736 4163 rt

127 4212 197 4260 cum
211 4196 249 4256 ad
266 4194 356 4255 altare
369 4193 566 4253 accedendum
594 4202 646 4264 est,
665 4212 700 4254 ne
720 4212 818 4270 corpus
832 4204 858 4255 et
869 4202 985 4269 sangari·
1026 4194 1153 4268 reliquit.
1166 4194 1345 4253 Vestimenta
1359 4200 1456 4253 autem
1466 4193 1501 4251 ad
1515 4210 1594 4252 sacia
1608 4190 1736 4251 iacienda

127 4302 190 4347 nem
207 4288 318 4343 bomine·
329 4292 392 4341 actu
402 4286 505 4357 polluti
516 4288 610 4357 potius
624 4286 662 4341 aa
682 4286 820 4356 judiciam
834 4305 983 4355 sumamus,
1026 4288 1070 4347 rio
1092 4288 1324 4355 assumebantur,
1341 4287 1391 4346 ubi
1407 4288 1529 4361 peractis
1549 4283 1701 4345 solemniis
1713 4282 1736 4345 d·

127 4378 581 4449 poematemtamcoaseqaemur.
593 4372 755 4447 >tequidem
766 4374 859 4432 rideri
869 4376 913 4433 ias
925 4381 986 4434 erat
1026 4378 1132 4437 lebant.
1156 4379 1273 4439 Etenim
1287 4396 1354 4438 cum
1373 4395 1450 4452 tegre
1474 4380 1559 4436 terret
1574 4378 1736 4436 Guntramn

126 4480 208 4525 sacre
220 4461 437 4524 muneraaltari
452 4462 595 4535 imposita,
615 4477 704 4537 quare
722 4462 851 4523 Nicetius
865 4464 1013 4539 Lugdu-D
1026 4466 1170 4526 Palladius
1192 4466 1351 4527 Santonum
1367 4466 1526 4541 episcopas,
1543 4464 1594 4539 qrii
1616 4462 1736 4523 Gundot

31 4608 34 4613 .
129 4555 229 4617 nensis
242 4554 361 4613 antistes
373 4552 406 4611 in
419 4554 485 4611 risu
503 4552 618 4611 cuidam
635 4552 801 4628 presbytero
814 4556 982 4628 apparuisse
1024 4556 1156 4625 haeserat,
1179 4571 1275 4614 coram
1289 4572 1323 4614 eo
1337 4570 1416 4614 sacra
1437 4554 1551 4621 iaceret,
1569 4551 1619 4610 ille
1633 4550 1685 4626 qui
1697 4552 1736 4627 jai

28 4628 46 4713 ,¹
129 4641 277 4703 diciturin
292 4640 366 4699 Vitis
384 4640 514 4706 Petram,
529 4642 621 4716 capite
646 4641 674 4715 8,
700 4649 732 4701 ut
755 4643 983 4717 prohiberetis
1022 4660 1074 4703 nes
1089 4644 1255 4717 inceperat,
1268 4644 1297 4702 in
1314 4643 1470 4701 sacrarium
1490 4642 1615 4701 recessit.

27 4728 31 4737 '
129 4732 350 4809 coopertorium,
367 4732 556 4806 quadrarum
571 4739 655 4803 esset,
673 4750 725 4793 nec
752 4751 786 4793 eo
811 4734 896 4808 plane
910 4740 983 4808 tege·
1059 4736 1103 4794 50.
1134 4734 1254 4793 Munera
1278 4733 1378 4791 lideles
1403 4732 1569 4799 otierebant,
1587 4739 1618 4791 ut
1642 4748 1694 4807 pro
1722 4746 1736 4793 e

129 4831 231 4887 rentur
258 4838 338 4883 sacra
364 4822 512 4895 emysteria,
526 4823 713 4895 superabere
728 4836 893 4897 poneretur.
908 4824 983 4883 Vasa
1024 4824 1258 4896 celebrarentur;
1283 4826 1359 4899 quod
1381 4824 1478 4882 inaruit
1495 4822 1651 4897 Gregorius
1672 4822 1736 4883 inb

128 4916 191 4993 ipsa
205 4930 273 4993 quae
291 4914 326 4972 ad
346 4928 460 4972 sacrum
478 4911 674 4970 urinisterium
696 4912 920 4988 adhibebantur,
936 4932 983 4975 sa-
1024 4916 1120 4977 Gloria
1135 4916 1304 4989 Martyrum,
1318 4916 1409 4990 capite
1424 4915 1468 4984 75,
1486 4914 1535 4973 ubi
1549 4918 1702 4985 srigoattct
1725 4928 1736 4973 t

128 5010 206 5065 crata
220 5002 328 5079 passim
342 5008 493 5075 nuncupat
506 5000 671 5073 Gregorius,
688 5017 813 5075 quorum
839 5004 918 5063 racia
933 5022 983 5079 gc·
1025 5022 1208 5079 recuperasse
1226 5012 1433 5075 incinerantur,
1450 5004 1501 5079 qui
1521 5003 1623 5061 Missas
1639 5004 1670 5061 in
1685 5004 1736 5063 hot

127 5110 199 5156 nera
216 5110 267 5171 pro
283 5094 348 5153 data
367 5092 516 5152 occasione
535 5099 750 5161 commemorat,
773 5094 886 5165 calices,
904 5103 983 5169 pate·
1024 5094 1062 5152 cti
1079 5093 1257 5166 Sigismundi
1272 5093 1428 5163 celebrare,
1444 5101 1470 5150 ei
1486 5092 1663 5152 oblationem
1677 5108 1730 5167 pro

127 5204 192 5259 nae,
211 5193 316 5261 turres,
333 5202 443 5257 cruces,
460 5190 513 5242 etc.
543 5184 584 5242 Ea
609 5201 678 5243 tero
704 5186 740 5244 ad
756 5188 887 5243 laureanus
917 5206 983 5245 asae
1024 5182 1092 5255 uuir
1108 5180 1165 5240 Meo
1192 5182 1293 5240 ollerrc
1311 5189 1493 5239 curaverat.
1511 5180 1584 5239 item
1610 5180 1718 5239 clarius

51 5272 62 5283 ”
127 5282 226 5353 aptaro
242 5276 390 5351 piaculum
401 5274 511 5350 grande
520 5274 715 5349 computabat,
729 5276 983 5349 prevaricatorum
1025 5272 1098 5332 libro
1115 5286 1123 5331 1
1138 5274 1173 5331 de
1191 5272 1337 5330 blitaculis
1348 5272 1438 5329 sancti
1452 5270 1579 5341 Martini,
1595 5269 1687 5344 eapite
1704 5267 1736 5329 it

125 5364 319 5425 temeritatem
344 5380 361 5422 a
384 5362 443 5424 Deo
457 5362 590 5439 punitam
615 5361 705 5421 luisse
723 5361 812 5422 variis
835 5364 982 5426 miraculis
1024 5362 1276 5436 trogottbaregina
1285 5362 1319 5420 ad
1332 5359 1423 5419 sancti
1438 5358 1736 5419 Martiniecclesiami

126 5454 328 5531 comprobans.
340 5452 396 5513 Illa
409 5462 508 5515 autom
523 5452 622 5513 carnia
638 5469 706 5512 rasa
718 5469 778 5512 non
794 5454 889 5513 solum
907 5456 980 5516 Gre-
1020 5452 1145 5525 dicitur,
1176 5455 1323 5511 simultis
1352 5453 1510 5507 maana-thas
1535 5451 1636 5508 obtutis
1665 5462 1736 5523 expo

124 5542 236 5617 gorius,
252 5540 304 5602 sed
330 5548 359 5601 et
385 5538 482 5599 caeteri
495 5540 559 5614 ejus
573 5538 630 5600 aeri
644 5546 775 5599 auctores
790 5539 878 5599 uuioo
894 5557 978 5601 voca·
1019 5542 1106 5602 Missa
1131 5542 1163 5601 in
1177 5541 1269 5600 sancti
1283 5540 1456 5599 contessoris
1479 5541 1588 5601 bonore
1612 5554 1736 5598 reuocare

123 5632 196 5697 liuto
208 5628 782 5707 semronmappeilabaniguandoque
795 5633 977 5690 maurosum
1017 5648 1091 5692 num
1113 5631 1251 5693 atterebat
1267 5630 1396 5706 quotidie
1418 5631 1455 5691 ad
1483 5631 1659 5692 sacrificium
1680 5643 1736 5707 pert
